<?xml version="1.0" encoding="UTF-8"?>
<!DOCTYPE html PUBLIC "-//W3C//DTD XHTML 1.0 Transitional//EN"
    "http://www.w3.org/TR/xhtml1/DTD/xhtml1-transitional.dtd">
<html xmlns="http://www.w3.org/1999/xhtml" xml:lang="en" lang="en">
 <head>
  <title>
</title>
<meta http-equiv="Content-Type" content="text/html;charset=utf-8" />
  <meta name='ocr-system' content='tesseract 3.04.00' />
  <meta name='ocr-capabilities' content='ocr_page ocr_carea ocr_par ocr_line ocrx_word'/>
</head>
<body>
  <div class='ocr_page' id='page_1' title='image "./helivseobanvshe00neffgoog_0073.png"; bbox 0 0 2760 4200; ppageno 0'>
   <div class='ocr_carea' id='block_1_1' title="bbox 259 372 905 446">
    <p class='ocr_par' dir='ltr' id='par_1_1' title="bbox 259 372 905 446">
     <span class='ocr_line' id='line_1_1' title="bbox 259 372 905 446; baseline 0 -16"><span class='ocrx_word' id='word_1_1' title='bbox 259 372 299 430; x_wconf 92' lang='grc'>14</span> <span class='ocrx_word' id='word_1_2' title='bbox 566 389 706 446; x_wconf 77' lang='lat' dir='ltr'>nonanus,</span> <span class='ocrx_word' id='word_1_3' title='bbox 729 389 905 430; x_wconf 74' lang='grc'>00000000.</span> 
     </span>
    </p>
   </div>
   <div class='ocr_carea' id='block_1_2' title="bbox 255 566 1109 911">
    <p class='ocr_par' dir='ltr' id='par_1_2' title="bbox 309 566 1073 643">
     <span class='ocr_line' id='line_1_2' title="bbox 309 566 1073 643; baseline 0 -17"><span class='ocrx_word' id='word_1_4' title='bbox 309 566 437 626; x_wconf 83' lang='lat' dir='ltr'>Sinova</span> <span class='ocrx_word' id='word_1_5' title='bbox 460 567 648 626; x_wconf 88' lang='lat' dir='ltr'>nuncetiam</span> <span class='ocrx_word' id='word_1_6' title='bbox 672 573 788 643; x_wconf 87' lang='lat' dir='ltr'>spectes</span> <span class='ocrx_word' id='word_1_7' title='bbox 812 567 969 642; x_wconf 87' lang='lat' dir='ltr'>surgentia,</span> <span class='ocrx_word' id='word_1_8' title='bbox 993 567 1073 626; x_wconf 70' lang='lat' dir='ltr'>dicas</span> 
     </span>
    </p>

    <p class='ocr_par' dir='ltr' id='par_1_3' title="bbox 308 655 1109 732">
     <span class='ocr_line' id='line_1_3' title="bbox 308 655 1109 732; baseline 0 -18"><span class='ocrx_word' id='word_1_9' title='bbox 308 656 380 714; x_wconf 84' lang='lat' dir='ltr'>Post</span> <span class='ocrx_word' id='word_1_10' title='bbox 401 655 487 732; x_wconf 90' lang='lat' dir='ltr'>paulo</span> <span class='ocrx_word' id='word_1_11' title='bbox 512 656 628 715; x_wconf 84' lang='lat' dir='ltr'>eximiis</span> <span class='ocrx_word' id='word_1_12' title='bbox 650 656 740 715; x_wconf 87' lang='lat' dir='ltr'>talem</span> <span class='ocrx_word' id='word_1_13' title='bbox 763 656 826 714; x_wconf 85' lang='lat' dir='ltr'>fore</span> <span class='ocrx_word' id='word_1_14' title='bbox 849 657 976 716; x_wconf 90' lang='lat' dir='ltr'>cultibus</span> <span class='ocrx_word' id='word_1_15' title='bbox 999 657 1109 730; x_wconf 91' lang='lat' dir='ltr'>urbem,</span> 
     </span>
    </p>

    <p class='ocr_par' dir='ltr' id='par_1_4' title="bbox 255 743 1105 911">
     <span class='ocr_line' id='line_1_4' title="bbox 309 743 1105 822; baseline 0.001 -19"><span class='ocrx_word' id='word_1_16' title='bbox 309 743 431 818; x_wconf 82' lang='lat' dir='ltr'>Qualem</span> <span class='ocrx_word' id='word_1_17' title='bbox 454 763 513 803; x_wconf 92' lang='lat' dir='ltr'>non</span> <span class='ocrx_word' id='word_1_18' title='bbox 535 745 622 803; x_wconf 88' lang='lat' dir='ltr'>aliam</span> <span class='ocrx_word' id='word_1_19' title='bbox 645 763 784 820; x_wconf 77' lang='lat' dir='ltr'>praesens</span> <span class='ocrx_word' id='word_1_20' title='bbox 808 745 994 822; x_wconf 65' lang='lat' dir='ltr'>conspexerit</span> <span class='ocrx_word' id='word_1_21' title='bbox 1016 751 1105 818; x_wconf 88' lang='lat' dir='ltr'>aetas,</span> 
     </span>
     <span class='ocr_line' id='line_1_5' title="bbox 255 831 1101 911; baseline 0.007 -25"><span class='ocrx_word' id='word_1_22' title='bbox 255 845 295 888; x_wconf 82' lang='grc'>100</span> <span class='ocrx_word' id='word_1_23' title='bbox 309 831 586 911; x_wconf 81' lang='lat' dir='ltr'>Quamodocumque</span> <span class='ocrx_word' id='word_1_24' title='bbox 609 839 690 910; x_wconf 89' lang='lat' dir='ltr'>patet</span> <span class='ocrx_word' id='word_1_25' title='bbox 711 834 779 892; x_wconf 88' lang='lat' dir='ltr'>latis</span> <span class='ocrx_word' id='word_1_26' title='bbox 804 832 959 893; x_wconf 83' lang='lat' dir='ltr'>Germania</span> <span class='ocrx_word' id='word_1_27' title='bbox 982 834 1101 910; x_wconf 77' lang='lat' dir='ltr'>campie.</span> 
     </span>
    </p>
   </div>
   <div class='ocr_carea' id='block_1_3' title="bbox 255 993 1225 3668">
    <p class='ocr_par' dir='ltr' id='par_1_5' title="bbox 497 993 991 1053">
     <span class='ocr_line' id='line_1_6' title="bbox 497 993 991 1053; baseline 0.002 -2"><span class='ocrx_word' id='word_1_28' title='bbox 497 993 660 1053; x_wconf 82' lang='lat' dir='ltr'><strong>Ambitus</strong></span> <span class='ocrx_word' id='word_1_29' title='bbox 683 1012 860 1052; x_wconf 88' lang='lat' dir='ltr'>murorum</span> <span class='ocrx_word' id='word_1_30' title='bbox 884 995 991 1052; x_wconf 91' lang='lat' dir='ltr'>urbis.</span> 
     </span>
    </p>

    <p class='ocr_par' dir='ltr' id='par_1_6' title="bbox 307 1100 1165 1355">
     <span class='ocr_line' id='line_1_7' title="bbox 353 1100 1161 1177; baseline 0.001 -19"><span class='ocrx_word' id='word_1_31' title='bbox 353 1100 410 1158; x_wconf 90' lang='lat' dir='ltr'>Hic</span> <span class='ocrx_word' id='word_1_32' title='bbox 432 1118 548 1177; x_wconf 92' lang='lat' dir='ltr'>quoque</span> <span class='ocrx_word' id='word_1_33' title='bbox 572 1101 694 1176; x_wconf 81' lang='lat' dir='ltr'>praefati</span> <span class='ocrx_word' id='word_1_34' title='bbox 717 1101 841 1174; x_wconf 85' lang='lat' dir='ltr'>veniam,</span> <span class='ocrx_word' id='word_1_35' title='bbox 865 1100 891 1159; x_wconf 90' lang='lat' dir='ltr'>si</span> <span class='ocrx_word' id='word_1_36' title='bbox 914 1100 1050 1159; x_wconf 82' lang='lat' dir='ltr'>carminis</span> <span class='ocrx_word' id='word_1_37' title='bbox 1073 1101 1161 1159; x_wconf 93' lang='lat' dir='ltr'>huius</span> 
     </span>
     <span class='ocr_line' id='line_1_8' title="bbox 307 1189 1129 1265; baseline 0 -17"><span class='ocrx_word' id='word_1_38' title='bbox 307 1190 469 1265; x_wconf 81' lang='lat' dir='ltr'>Paupertas</span> <span class='ocrx_word' id='word_1_39' title='bbox 492 1189 630 1248; x_wconf 89' lang='lat' dir='ltr'>brevibus</span> <span class='ocrx_word' id='word_1_40' title='bbox 653 1208 711 1248; x_wconf 93' lang='lat' dir='ltr'>non</span> <span class='ocrx_word' id='word_1_41' title='bbox 733 1189 870 1248; x_wconf 77' lang='lat' dir='ltr'>clauserit</span> <span class='ocrx_word' id='word_1_42' title='bbox 893 1189 989 1248; x_wconf 87' lang='lat' dir='ltr'>omnia</span> <span class='ocrx_word' id='word_1_43' title='bbox 1011 1190 1129 1263; x_wconf 80' lang='lat' dir='ltr'>chartis,</span> 
     </span>
     <span class='ocr_line' id='line_1_9' title="bbox 309 1276 1165 1355; baseline 0 -19"><span class='ocrx_word' id='word_1_44' title='bbox 309 1276 390 1350; x_wconf 82' lang='lat' dir='ltr'>Quae</span> <span class='ocrx_word' id='word_1_45' title='bbox 413 1278 460 1337; x_wconf 85' lang='lat' dir='ltr'>vel</span> <span class='ocrx_word' id='word_1_46' title='bbox 483 1283 566 1336; x_wconf 90' lang='lat' dir='ltr'>erant</span> <span class='ocrx_word' id='word_1_47' title='bbox 588 1279 712 1338; x_wconf 89' lang='lat' dir='ltr'>dicenda</span> <span class='ocrx_word' id='word_1_48' title='bbox 734 1278 781 1337; x_wconf 86' lang='lat' dir='ltr'>vel</span> <span class='ocrx_word' id='word_1_49' title='bbox 805 1279 873 1336; x_wconf 89' lang='lat' dir='ltr'>olim</span> <span class='ocrx_word' id='word_1_50' title='bbox 896 1277 974 1337; x_wconf 87' lang='lat' dir='ltr'>dicta</span> <span class='ocrx_word' id='word_1_51' title='bbox 997 1283 1165 1355; x_wconf 79' lang='lat' dir='ltr'>supersunt,</span> 
     </span>
    </p>

    <p class='ocr_par' dir='ltr' id='par_1_7' title="bbox 256 1367 1098 1444">
     <span class='ocr_line' id='line_1_10' title="bbox 256 1367 1098 1444; baseline 0.007 -24"><span class='ocrx_word' id='word_1_52' title='bbox 256 1378 335 1433; x_wconf 73' lang='grc'>[000]</span> <span class='ocrx_word' id='word_1_53' title='bbox 354 1369 414 1425; x_wconf 86' lang='lat' dir='ltr'>Aut</span> <span class='ocrx_word' id='word_1_54' title='bbox 436 1385 495 1426; x_wconf 92' lang='grc'>000</span> <span class='ocrx_word' id='word_1_55' title='bbox 518 1367 655 1426; x_wconf 87' lang='lat' dir='ltr'>historiae</span> <span class='ocrx_word' id='word_1_56' title='bbox 679 1386 737 1444; x_wconf 91' lang='lat' dir='ltr'>quo</span> <span class='ocrx_word' id='word_1_57' title='bbox 761 1367 869 1426; x_wconf 87' lang='lat' dir='ltr'>debent</span> <span class='ocrx_word' id='word_1_58' title='bbox 891 1367 992 1426; x_wconf 89' lang='lat' dir='ltr'>ordine</span> <span class='ocrx_word' id='word_1_59' title='bbox 1015 1367 1098 1443; x_wconf 90' lang='lat' dir='ltr'>leges</span> 
     </span>
    </p>

    <p class='ocr_par' dir='ltr' id='par_1_8' title="bbox 257 1455 1180 1888">
     <span class='ocr_line' id='line_1_11' title="bbox 257 1455 1031 1532; baseline 0.006 -23"><span class='ocrx_word' id='word_1_60' title='bbox 257 1469 295 1510; x_wconf 81' lang='lat'>195</span> <span class='ocrx_word' id='word_1_61' title='bbox 311 1455 424 1515; x_wconf 81' lang='lat' dir='ltr'>Cuncta</span> <span class='ocrx_word' id='word_1_62' title='bbox 446 1456 528 1515; x_wconf 89' lang='lat' dir='ltr'>velut</span> <span class='ocrx_word' id='word_1_63' title='bbox 550 1456 630 1515; x_wconf 88' lang='lat' dir='ltr'>radio</span> <span class='ocrx_word' id='word_1_64' title='bbox 654 1462 811 1516; x_wconf 85' lang='lat' dir='ltr'>contexant</span> <span class='ocrx_word' id='word_1_65' title='bbox 833 1457 883 1515; x_wconf 88' lang='lat' dir='ltr'>fila</span> <span class='ocrx_word' id='word_1_66' title='bbox 906 1456 1031 1532; x_wconf 87' lang='lat' dir='ltr'>sequaci.</span> 
     </span>
     <span class='ocr_line' id='line_1_12' title="bbox 310 1545 1094 1621; baseline -0.001 -18"><span class='ocrx_word' id='word_1_67' title='bbox 310 1545 374 1603; x_wconf 87' lang='lat' dir='ltr'>Hoc</span> <span class='ocrx_word' id='word_1_68' title='bbox 398 1563 471 1621; x_wconf 93' lang='lat' dir='ltr'>opus</span> <span class='ocrx_word' id='word_1_69' title='bbox 495 1551 541 1604; x_wconf 90' lang='lat' dir='ltr'>est</span> <span class='ocrx_word' id='word_1_70' title='bbox 564 1545 657 1604; x_wconf 89' lang='lat' dir='ltr'>Musis</span> <span class='ocrx_word' id='word_1_71' title='bbox 681 1545 759 1605; x_wconf 91' lang='lat' dir='ltr'>omni</span> <span class='ocrx_word' id='word_1_72' title='bbox 781 1545 893 1603; x_wconf 89' lang='lat' dir='ltr'>ratione</span> <span class='ocrx_word' id='word_1_73' title='bbox 916 1545 1094 1621; x_wconf 89' lang='lat' dir='ltr'>pudendum,</span> 
     </span>
     <span class='ocr_line' id='line_1_13' title="bbox 308 1633 1180 1711; baseline 0 -19"><span class='ocrx_word' id='word_1_74' title='bbox 308 1633 395 1692; x_wconf 88' lang='lat' dir='ltr'>Nunc</span> <span class='ocrx_word' id='word_1_75' title='bbox 418 1652 535 1710; x_wconf 88' lang='lat' dir='ltr'>quoque</span> <span class='ocrx_word' id='word_1_76' title='bbox 558 1634 636 1711; x_wconf 87' lang='lat' dir='ltr'>quod</span> <span class='ocrx_word' id='word_1_77' title='bbox 658 1634 770 1692; x_wconf 82' lang='lat' dir='ltr'>faciunt</span> <span class='ocrx_word' id='word_1_78' title='bbox 793 1634 847 1691; x_wconf 88' lang='lat' dir='ltr'>vix</span> <span class='ocrx_word' id='word_1_79' title='bbox 870 1634 1040 1692; x_wconf 83' lang='lat' dir='ltr'>excusabile</span> <span class='ocrx_word' id='word_1_80' title='bbox 1062 1634 1180 1692; x_wconf 89' lang='lat' dir='ltr'>factum.</span> 
     </span>
     <span class='ocr_line' id='line_1_14' title="bbox 308 1722 1168 1799; baseline 0.001 -19"><span class='ocrx_word' id='word_1_81' title='bbox 308 1723 393 1782; x_wconf 87' lang='lat' dir='ltr'>Hanc</span> <span class='ocrx_word' id='word_1_82' title='bbox 416 1723 538 1799; x_wconf 85' lang='lat' dir='ltr'>praelati</span> <span class='ocrx_word' id='word_1_83' title='bbox 560 1723 653 1798; x_wconf 86' lang='lat' dir='ltr'>igitur</span> <span class='ocrx_word' id='word_1_84' title='bbox 675 1723 799 1796; x_wconf 89' lang='lat' dir='ltr'>veniam,</span> <span class='ocrx_word' id='word_1_85' title='bbox 823 1723 891 1799; x_wconf 88' lang='lat' dir='ltr'>quia</span> <span class='ocrx_word' id='word_1_86' title='bbox 913 1722 1063 1799; x_wconf 86' lang='lat' dir='ltr'>pinximus</span> <span class='ocrx_word' id='word_1_87' title='bbox 1086 1723 1168 1781; x_wconf 88' lang='lat' dir='ltr'>urbis</span> 
     </span>
     <span class='ocr_line' id='line_1_15' title="bbox 308 1810 1071 1888; baseline 0 -18"><span class='ocrx_word' id='word_1_88' title='bbox 308 1811 434 1871; x_wconf 89' lang='lat' dir='ltr'>Noridos</span> <span class='ocrx_word' id='word_1_89' title='bbox 457 1813 592 1888; x_wconf 86' lang='lat' dir='ltr'>expressi</span> <span class='ocrx_word' id='word_1_90' title='bbox 614 1830 668 1871; x_wconf 91' lang='lat' dir='ltr'>ceu</span> <span class='ocrx_word' id='word_1_91' title='bbox 690 1812 785 1888; x_wconf 88' lang='lat' dir='ltr'>prima</span> <span class='ocrx_word' id='word_1_92' title='bbox 807 1810 934 1886; x_wconf 89' lang='lat' dir='ltr'>insignia</span> <span class='ocrx_word' id='word_1_93' title='bbox 956 1812 1071 1870; x_wconf 89' lang='lat' dir='ltr'>vultus:</span> 
     </span>
    </p>

    <p class='ocr_par' dir='ltr' id='par_1_9' title="bbox 255 1900 1105 2316">
     <span class='ocr_line' id='line_1_16' title="bbox 255 1900 1067 1976; baseline 0.005 -21"><span class='ocrx_word' id='word_1_94' title='bbox 255 1913 295 1955; x_wconf 84' lang='lat' dir='ltr'>aco</span> <span class='ocrx_word' id='word_1_95' title='bbox 309 1901 366 1959; x_wconf 91' lang='lat' dir='ltr'>Par</span> <span class='ocrx_word' id='word_1_96' title='bbox 388 1905 451 1960; x_wconf 90' lang='lat' dir='ltr'>erat</span> <span class='ocrx_word' id='word_1_97' title='bbox 473 1901 528 1961; x_wconf 93' lang='lat' dir='ltr'>hoc</span> <span class='ocrx_word' id='word_1_98' title='bbox 551 1901 639 1959; x_wconf 90' lang='lat' dir='ltr'>etiam</span> <span class='ocrx_word' id='word_1_99' title='bbox 662 1901 758 1960; x_wconf 90' lang='lat' dir='ltr'>dictae</span> <span class='ocrx_word' id='word_1_100' title='bbox 780 1900 923 1960; x_wconf 88' lang='lat' dir='ltr'>adiecisse</span> <span class='ocrx_word' id='word_1_101' title='bbox 946 1901 1067 1976; x_wconf 83' lang='lat' dir='ltr'>figurae,</span> 
     </span>
     <span class='ocr_line' id='line_1_17' title="bbox 310 1989 1080 2067; baseline -0.001 -18"><span class='ocrx_word' id='word_1_102' title='bbox 310 1989 424 2063; x_wconf 85' lang='lat' dir='ltr'>Quanta</span> <span class='ocrx_word' id='word_1_103' title='bbox 447 1990 493 2064; x_wconf 89' lang='lat' dir='ltr'>sit,</span> <span class='ocrx_word' id='word_1_104' title='bbox 516 1995 550 2048; x_wconf 90' lang='lat' dir='ltr'>ut</span> <span class='ocrx_word' id='word_1_105' title='bbox 572 1989 682 2067; x_wconf 88' lang='lat' dir='ltr'>positos</span> <span class='ocrx_word' id='word_1_106' title='bbox 704 1989 836 2048; x_wconf 89' lang='lat' dir='ltr'>includat</span> <span class='ocrx_word' id='word_1_107' title='bbox 858 1989 946 2048; x_wconf 85' lang='lat' dir='ltr'>ducta</span> <span class='ocrx_word' id='word_1_108' title='bbox 968 1990 1080 2048; x_wconf 88' lang='lat' dir='ltr'>colores</span> 
     </span>
     <span class='ocr_line' id='line_1_18' title="bbox 309 2078 1001 2154; baseline 0.001 -18"><span class='ocrx_word' id='word_1_109' title='bbox 309 2079 410 2153; x_wconf 83' lang='lat' dir='ltr'>Linea,</span> <span class='ocrx_word' id='word_1_110' title='bbox 434 2097 471 2138; x_wconf 92' lang='lat' dir='ltr'>ne</span> <span class='ocrx_word' id='word_1_111' title='bbox 495 2078 592 2138; x_wconf 89' lang='lat' dir='ltr'>dubiis</span> <span class='ocrx_word' id='word_1_112' title='bbox 615 2081 713 2138; x_wconf 85' lang='lat' dir='ltr'>forsan</span> <span class='ocrx_word' id='word_1_113' title='bbox 735 2079 837 2137; x_wconf 82' lang='lat' dir='ltr'>fallare</span> <span class='ocrx_word' id='word_1_114' title='bbox 861 2079 1001 2154; x_wconf 87' lang='lat' dir='ltr'>parergis.</span> 
     </span>
     <span class='ocr_line' id='line_1_19' title="bbox 309 2167 1105 2226; baseline 0 0"><span class='ocrx_word' id='word_1_115' title='bbox 309 2168 388 2226; x_wconf 84' lang='lat' dir='ltr'>Vrbs</span> <span class='ocrx_word' id='word_1_116' title='bbox 411 2167 485 2226; x_wconf 91' lang='lat' dir='ltr'>mihi</span> <span class='ocrx_word' id='word_1_117' title='bbox 508 2167 632 2226; x_wconf 85' lang='lat' dir='ltr'>sollicita</span> <span class='ocrx_word' id='word_1_118' title='bbox 655 2185 732 2226; x_wconf 91' lang='lat' dir='ltr'>nunc</span> <span class='ocrx_word' id='word_1_119' title='bbox 755 2167 948 2226; x_wconf 86' lang='lat' dir='ltr'>describenda</span> <span class='ocrx_word' id='word_1_120' title='bbox 971 2167 1105 2226; x_wconf 81' lang='lat' dir='ltr'>Camena.</span> 
     </span>
     <span class='ocr_line' id='line_1_20' title="bbox 309 2255 961 2316; baseline -0.003 0"><span class='ocrx_word' id='word_1_121' title='bbox 309 2255 412 2316; x_wconf 90' lang='lat' dir='ltr'>Omnis</span> <span class='ocrx_word' id='word_1_122' title='bbox 435 2256 559 2315; x_wconf 88' lang='lat' dir='ltr'>circuitu</span> <span class='ocrx_word' id='word_1_123' title='bbox 582 2275 731 2315; x_wconf 88' lang='lat' dir='ltr'>murorum</span> <span class='ocrx_word' id='word_1_124' title='bbox 754 2256 874 2315; x_wconf 89' lang='lat' dir='ltr'>milibus</span> <span class='ocrx_word' id='word_1_125' title='bbox 897 2263 961 2314; x_wconf 89' lang='lat' dir='ltr'>octo</span> 
     </span>
    </p>

    <p class='ocr_par' dir='ltr' id='par_1_10' title="bbox 255 2344 1225 2778">
     <span class='ocr_line' id='line_1_21' title="bbox 255 2344 953 2405; baseline 0.006 -5"><span class='ocrx_word' id='word_1_126' title='bbox 255 2358 295 2400; x_wconf 82' lang='grc'>000</span> <span class='ocrx_word' id='word_1_127' title='bbox 309 2346 446 2405; x_wconf 87' lang='lat' dir='ltr'>Ambitur</span> <span class='ocrx_word' id='word_1_128' title='bbox 469 2344 572 2404; x_wconf 89' lang='lat' dir='ltr'>stadiis</span> <span class='ocrx_word' id='word_1_129' title='bbox 595 2345 706 2404; x_wconf 88' lang='lat' dir='ltr'>ratione</span> <span class='ocrx_word' id='word_1_130' title='bbox 729 2345 867 2404; x_wconf 86' lang='lat' dir='ltr'>videlicet</span> <span class='ocrx_word' id='word_1_131' title='bbox 889 2345 953 2404; x_wconf 88' lang='lat' dir='ltr'>illa:</span> 
     </span>
     <span class='ocr_line' id='line_1_22' title="bbox 310 2433 1031 2509; baseline 0 -17"><span class='ocrx_word' id='word_1_132' title='bbox 310 2434 453 2509; x_wconf 83' lang='lat' dir='ltr'>Quattuor</span> <span class='ocrx_word' id='word_1_133' title='bbox 474 2440 506 2493; x_wconf 94' lang='lat' dir='ltr'>et</span> <span class='ocrx_word' id='word_1_134' title='bbox 527 2434 573 2492; x_wconf 91' lang='lat' dir='ltr'>bis</span> <span class='ocrx_word' id='word_1_135' title='bbox 595 2434 715 2493; x_wconf 90' lang='lat' dir='ltr'>tricenis</span> <span class='ocrx_word' id='word_1_136' title='bbox 738 2434 796 2492; x_wconf 90' lang='lat' dir='ltr'>duo</span> <span class='ocrx_word' id='word_1_137' title='bbox 820 2433 908 2506; x_wconf 87' lang='lat' dir='ltr'>milia,</span> <span class='ocrx_word' id='word_1_138' title='bbox 933 2439 1031 2492; x_wconf 81' lang='grc'>000000</span> 
     </span>
     <span class='ocr_line' id='line_1_23' title="bbox 308 2521 1142 2599; baseline -0.001 -16"><span class='ocrx_word' id='word_1_139' title='bbox 308 2524 398 2597; x_wconf 88' lang='lat' dir='ltr'>More,</span> <span class='ocrx_word' id='word_1_140' title='bbox 423 2524 475 2582; x_wconf 88' lang='lat' dir='ltr'>sed</span> <span class='ocrx_word' id='word_1_141' title='bbox 498 2523 567 2582; x_wconf 88' lang='lat' dir='ltr'>inde</span> <span class='ocrx_word' id='word_1_142' title='bbox 589 2524 672 2582; x_wconf 83' lang='lat' dir='ltr'>aufer</span> <span class='ocrx_word' id='word_1_143' title='bbox 694 2523 753 2582; x_wconf 90' lang='lat' dir='ltr'>duo</span> <span class='ocrx_word' id='word_1_144' title='bbox 775 2521 857 2581; x_wconf 89' lang='lat' dir='ltr'>milia</span> <span class='ocrx_word' id='word_1_145' title='bbox 879 2540 947 2582; x_wconf 87' lang='lat' dir='ltr'>oum</span> <span class='ocrx_word' id='word_1_146' title='bbox 970 2522 1142 2599; x_wconf 81' lang='lat' dir='ltr'>quingentis</span> 
     </span>
     <span class='ocr_line' id='line_1_24' title="bbox 309 2611 1192 2688; baseline -0.001 -18"><span class='ocrx_word' id='word_1_147' title='bbox 309 2613 458 2686; x_wconf 87' lang='lat' dir='ltr'>Passibus,</span> <span class='ocrx_word' id='word_1_148' title='bbox 481 2613 536 2670; x_wconf 90' lang='lat' dir='ltr'>hoc</span> <span class='ocrx_word' id='word_1_149' title='bbox 560 2613 687 2688; x_wconf 91' lang='lat' dir='ltr'>spatium</span> <span class='ocrx_word' id='word_1_150' title='bbox 711 2618 757 2671; x_wconf 93' lang='lat' dir='ltr'>est</span> <span class='ocrx_word' id='word_1_151' title='bbox 779 2611 880 2685; x_wconf 90' lang='lat' dir='ltr'>muris,</span> <span class='ocrx_word' id='word_1_152' title='bbox 904 2611 953 2670; x_wconf 90' lang='lat' dir='ltr'>hic</span> <span class='ocrx_word' id='word_1_153' title='bbox 975 2611 1102 2670; x_wconf 85' lang='lat' dir='ltr'>ambitus</span> <span class='ocrx_word' id='word_1_154' title='bbox 1125 2611 1192 2670; x_wconf 90' lang='lat' dir='ltr'>urbi</span> 
     </span>
     <span class='ocr_line' id='line_1_25' title="bbox 308 2697 1225 2778; baseline -0.002 -18"><span class='ocrx_word' id='word_1_155' title='bbox 308 2697 545 2778; x_wconf 77' lang='lat' dir='ltr'>Haudquaquam</span> <span class='ocrx_word' id='word_1_156' title='bbox 573 2701 698 2776; x_wconf 84' lang='lat' dir='ltr'>exiguae</span> <span class='ocrx_word' id='word_1_157' title='bbox 721 2719 776 2760; x_wconf 89' lang='lat' dir='ltr'>nec</span> <span class='ocrx_word' id='word_1_158' title='bbox 798 2719 873 2777; x_wconf 88' lang='lat' dir='ltr'>quae</span> <span class='ocrx_word' id='word_1_159' title='bbox 897 2700 935 2759; x_wconf 89' lang='lat' dir='ltr'>sit</span> <span class='ocrx_word' id='word_1_160' title='bbox 957 2700 1098 2774; x_wconf 85' lang='lat' dir='ltr'>maxima,</span> <span class='ocrx_word' id='word_1_161' title='bbox 1124 2717 1225 2759; x_wconf 88' lang='lat' dir='ltr'>rerum</span> 
     </span>
    </p>

    <p class='ocr_par' dir='ltr' id='par_1_11' title="bbox 255 2788 1225 3222">
     <span class='ocr_line' id='line_1_26' title="bbox 255 2788 1225 2867; baseline 0.001 -21"><span class='ocrx_word' id='word_1_162' title='bbox 255 2803 296 2846; x_wconf 84' lang='lat'>210</span> <span class='ocrx_word' id='word_1_163' title='bbox 308 2790 449 2849; x_wconf 88' lang='lat' dir='ltr'>Proxima</span> <span class='ocrx_word' id='word_1_164' title='bbox 458 2790 631 2867; x_wconf 87' lang='lat' dir='ltr'>praecipuis.</span> <span class='ocrx_word' id='word_1_165' title='bbox 659 2788 841 2866; x_wconf 85' lang='lat' dir='ltr'>Quamquam</span> <span class='ocrx_word' id='word_1_166' title='bbox 852 2789 922 2866; x_wconf 90' lang='lat' dir='ltr'>quid</span> <span class='ocrx_word' id='word_1_167' title='bbox 937 2789 974 2847; x_wconf 89' lang='lat' dir='ltr'>ad</span> <span class='ocrx_word' id='word_1_168' title='bbox 987 2789 1070 2848; x_wconf 91' lang='lat' dir='ltr'>urbis</span> <span class='ocrx_word' id='word_1_169' title='bbox 1083 2790 1225 2849; x_wconf 90' lang='lat' dir='ltr'>honorem</span> 
     </span>
     <span class='ocr_line' id='line_1_27' title="bbox 310 2877 1157 2955; baseline 0 -19"><span class='ocrx_word' id='word_1_170' title='bbox 310 2877 423 2952; x_wconf 82' lang='lat' dir='ltr'>Quidve</span> <span class='ocrx_word' id='word_1_171' title='bbox 446 2879 544 2937; x_wconf 84' lang='lat' dir='ltr'>valent</span> <span class='ocrx_word' id='word_1_172' title='bbox 566 2879 605 2938; x_wconf 86' lang='lat' dir='ltr'>ad</span> <span class='ocrx_word' id='word_1_173' title='bbox 627 2896 699 2955; x_wconf 88' lang='lat' dir='ltr'>opes</span> <span class='ocrx_word' id='word_1_174' title='bbox 723 2882 753 2938; x_wconf 91' lang='lat' dir='ltr'>et</span> <span class='ocrx_word' id='word_1_175' title='bbox 775 2879 899 2938; x_wconf 88' lang='lat' dir='ltr'>honesta</span> <span class='ocrx_word' id='word_1_176' title='bbox 921 2878 1037 2953; x_wconf 89' lang='lat' dir='ltr'>negotia</span> <span class='ocrx_word' id='word_1_177' title='bbox 1059 2895 1157 2936; x_wconf 88' lang='lat' dir='ltr'>rerum</span> 
     </span>
     <span class='ocr_line' id='line_1_28' title="bbox 310 2967 1019 3043; baseline 0 -17"><span class='ocrx_word' id='word_1_178' title='bbox 310 2968 461 3027; x_wconf 79' lang='lat' dir='ltr'>Mororum</span> <span class='ocrx_word' id='word_1_179' title='bbox 483 2967 618 3042; x_wconf 84' lang='lat' dir='ltr'>ingentes</span> <span class='ocrx_word' id='word_1_180' title='bbox 641 2967 716 3043; x_wconf 84' lang='lat' dir='ltr'>gyri,</span> <span class='ocrx_word' id='word_1_181' title='bbox 740 2967 766 3026; x_wconf 90' lang='lat' dir='ltr'>si</span> <span class='ocrx_word' id='word_1_182' title='bbox 788 2967 917 3026; x_wconf 88' lang='lat' dir='ltr'>cultibus</span> <span class='ocrx_word' id='word_1_183' title='bbox 939 2967 1019 3026; x_wconf 89' lang='lat' dir='ltr'>intus</span> 
     </span>
     <span class='ocr_line' id='line_1_29' title="bbox 309 3055 1086 3133; baseline -0.001 -18"><span class='ocrx_word' id='word_1_184' title='bbox 309 3057 417 3132; x_wconf 88' lang='lat' dir='ltr'>Magna</span> <span class='ocrx_word' id='word_1_185' title='bbox 439 3063 543 3116; x_wconf 85' lang='lat' dir='ltr'>vacent</span> <span class='ocrx_word' id='word_1_186' title='bbox 567 3057 660 3133; x_wconf 87' lang='lat' dir='ltr'>spatia</span> <span class='ocrx_word' id='word_1_187' title='bbox 678 3062 708 3115; x_wconf 92' lang='grc'>00</span> <span class='ocrx_word' id='word_1_188' title='bbox 730 3056 873 3115; x_wconf 83' lang='lat' dir='ltr'>deformia</span> <span class='ocrx_word' id='word_1_189' title='bbox 894 3061 972 3115; x_wconf 89' lang='lat' dir='ltr'>tecta</span> <span class='ocrx_word' id='word_1_190' title='bbox 995 3055 1086 3114; x_wconf 90' lang='lat' dir='ltr'>ruinis</span> 
     </span>
     <span class='ocr_line' id='line_1_30' title="bbox 311 3145 1138 3222; baseline -0.004 -17"><span class='ocrx_word' id='word_1_191' title='bbox 311 3145 381 3205; x_wconf 84' lang='lat' dir='ltr'>Cive</span> <span class='ocrx_word' id='word_1_192' title='bbox 405 3151 520 3221; x_wconf 85' lang='lat' dir='ltr'>egeant,</span> <span class='ocrx_word' id='word_1_193' title='bbox 544 3146 645 3222; x_wconf 88' lang='lat' dir='ltr'>quales</span> <span class='ocrx_word' id='word_1_194' title='bbox 668 3146 726 3204; x_wconf 92' lang='lat' dir='ltr'>heu</span> <span class='ocrx_word' id='word_1_195' title='bbox 748 3146 858 3204; x_wconf 87' lang='lat' dir='ltr'>multas</span> <span class='ocrx_word' id='word_1_196' title='bbox 880 3145 1008 3204; x_wconf 84' lang='lat' dir='ltr'>vidimus</span> <span class='ocrx_word' id='word_1_197' title='bbox 1031 3145 1138 3204; x_wconf 85' lang='lat' dir='ltr'>urbes?</span> 
     </span>
    </p>

    <p class='ocr_par' dir='ltr' id='par_1_12' title="bbox 256 3233 1224 3668">
     <span class='ocr_line' id='line_1_31' title="bbox 256 3233 1224 3294; baseline 0.004 -6"><span class='ocrx_word' id='word_1_198' title='bbox 256 3247 296 3289; x_wconf 80' lang='lat' dir='ltr'>ars</span> <span class='ocrx_word' id='word_1_199' title='bbox 309 3233 386 3294; x_wconf 89' lang='lat' dir='ltr'>Nam</span> <span class='ocrx_word' id='word_1_200' title='bbox 408 3234 491 3293; x_wconf 91' lang='lat' dir='ltr'>dolor</span> <span class='ocrx_word' id='word_1_201' title='bbox 513 3241 559 3294; x_wconf 92' lang='lat' dir='ltr'>est</span> <span class='ocrx_word' id='word_1_202' title='bbox 581 3235 765 3294; x_wconf 88' lang='lat' dir='ltr'>meminisse!</span> <span class='ocrx_word' id='word_1_203' title='bbox 795 3233 854 3294; x_wconf 86' lang='lat' dir='ltr'>Sed</span> <span class='ocrx_word' id='word_1_204' title='bbox 876 3235 925 3292; x_wconf 91' lang='lat' dir='ltr'>hio</span> <span class='ocrx_word' id='word_1_205' title='bbox 947 3252 1006 3292; x_wconf 91' lang='grc'>000</span> <span class='ocrx_word' id='word_1_206' title='bbox 1019 3233 1224 3292; x_wconf 88' lang='lat' dir='ltr'>ullalocorum</span> 
     </span>
     <span class='ocr_line' id='line_1_32' title="bbox 309 3323 1081 3398; baseline -0.001 -16"><span class='ocrx_word' id='word_1_207' title='bbox 309 3323 448 3383; x_wconf 84' lang='lat' dir='ltr'>Desolata</span> <span class='ocrx_word' id='word_1_208' title='bbox 469 3323 573 3397; x_wconf 85' lang='lat' dir='ltr'>iacent,</span> <span class='ocrx_word' id='word_1_209' title='bbox 597 3323 698 3382; x_wconf 91' lang='lat' dir='ltr'>nullus</span> <span class='ocrx_word' id='word_1_210' title='bbox 721 3327 805 3382; x_wconf 85' lang='lat' dir='ltr'>vacat</span> <span class='ocrx_word' id='word_1_211' title='bbox 827 3323 964 3398; x_wconf 89' lang='lat' dir='ltr'>angulus,</span> <span class='ocrx_word' id='word_1_212' title='bbox 988 3323 1081 3381; x_wconf 89' lang='lat' dir='ltr'>omnis</span> 
     </span>
     <span class='ocr_line' id='line_1_33' title="bbox 308 3411 1166 3489; baseline 0.001 -18"><span class='ocrx_word' id='word_1_213' title='bbox 308 3412 401 3471; x_wconf 88' lang='lat' dir='ltr'>Plena</span> <span class='ocrx_word' id='word_1_214' title='bbox 424 3431 477 3472; x_wconf 89' lang='lat' dir='ltr'>nec</span> <span class='ocrx_word' id='word_1_215' title='bbox 499 3413 564 3489; x_wconf 90' lang='lat' dir='ltr'>ipsa</span> <span class='ocrx_word' id='word_1_216' title='bbox 587 3413 648 3471; x_wconf 89' lang='lat' dir='ltr'>suis</span> <span class='ocrx_word' id='word_1_217' title='bbox 672 3411 743 3471; x_wconf 89' lang='lat' dir='ltr'>satis</span> <span class='ocrx_word' id='word_1_218' title='bbox 766 3418 813 3471; x_wconf 90' lang='lat' dir='ltr'>est</span> <span class='ocrx_word' id='word_1_219' title='bbox 835 3413 905 3472; x_wconf 88' lang='lat' dir='ltr'>urbs</span> <span class='ocrx_word' id='word_1_220' title='bbox 928 3412 1026 3488; x_wconf 88' lang='lat' dir='ltr'>ampla</span> <span class='ocrx_word' id='word_1_221' title='bbox 1047 3411 1166 3472; x_wconf 86' lang='lat' dir='ltr'>colonis.</span> 
     </span>
     <span class='ocr_line' id='line_1_34' title="bbox 309 3500 1142 3578; baseline 0 -19"><span class='ocrx_word' id='word_1_222' title='bbox 309 3503 407 3578; x_wconf 89' lang='lat' dir='ltr'>Atque</span> <span class='ocrx_word' id='word_1_223' title='bbox 430 3501 479 3560; x_wconf 90' lang='lat' dir='ltr'>hio</span> <span class='ocrx_word' id='word_1_224' title='bbox 501 3502 594 3560; x_wconf 90' lang='lat' dir='ltr'>multa</span> <span class='ocrx_word' id='word_1_225' title='bbox 616 3519 713 3560; x_wconf 89' lang='lat' dir='ltr'>meam</span> <span class='ocrx_word' id='word_1_226' title='bbox 737 3501 816 3560; x_wconf 90' lang='lat' dir='ltr'>subit</span> <span class='ocrx_word' id='word_1_227' title='bbox 838 3500 990 3560; x_wconf 89' lang='lat' dir='ltr'>admiratio</span> <span class='ocrx_word' id='word_1_228' title='bbox 1013 3505 1142 3560; x_wconf 82' lang='lat' dir='ltr'>mentem</span> 
     </span>
     <span class='ocr_line' id='line_1_35' title="bbox 309 3589 1135 3668; baseline 0.001 -19"><span class='ocrx_word' id='word_1_229' title='bbox 309 3591 397 3650; x_wconf 87' lang='lat' dir='ltr'>Parte</span> <span class='ocrx_word' id='word_1_230' title='bbox 419 3591 518 3668; x_wconf 90' lang='lat' dir='ltr'>aliqua</span> <span class='ocrx_word' id='word_1_231' title='bbox 540 3589 675 3666; x_wconf 80' lang='lat' dir='ltr'>Solymos</span> <span class='ocrx_word' id='word_1_232' title='bbox 697 3591 754 3650; x_wconf 88' lang='lat' dir='ltr'>hac</span> <span class='ocrx_word' id='word_1_233' title='bbox 775 3607 863 3667; x_wconf 90' lang='lat' dir='ltr'>posse</span> <span class='ocrx_word' id='word_1_234' title='bbox 885 3589 977 3649; x_wconf 85' lang='lat' dir='ltr'>luisse</span> <span class='ocrx_word' id='word_1_235' title='bbox 999 3589 1135 3663; x_wconf 85' lang='lat' dir='ltr'>minores,</span> 
     </span>
    </p>
   </div>
   <div class='ocr_carea' id='block_1_4' title="bbox 0 0 1386 4196">
    <p class='ocr_par' dir='ltr' id='par_1_13' title="bbox 0 0 1386 4196">
     <span class='ocr_line' id='line_1_36' title="bbox 0 0 1386 4196; baseline 0 0"><span class='ocrx_word' id='word_1_236' title='bbox 0 0 1386 4196; x_wconf 95' lang='lat' dir='ltr'> </span> 
     </span>
    </p>
   </div>
  </div>
 </body>
</html>
