2770 4274
461 403 652 457 nnonururrs,
675 403 861 444 rmnvncrcn.
984 375 985 378 ¹
1098 385 1139 445 69

272 579 388 657 Curque
410 581 440 639 id
464 581 598 639 candenti
621 580 732 639 lumine
754 581 892 639 Phoebus
914 589 982 656 agat

174 681 230 734 [aaa]
253 669 290 728 m
313 687 404 745 quare
427 687 535 728 oceano
557 670 646 728 tellus
669 687 837 746 compressa
859 670 971 745 patenti

270 758 368 816 Instar
390 759 494 816 librato
516 759 647 834 pondere
670 757 731 818 fixa
753 758 832 832 globi

225 845 360 923 Nataque
382 847 489 905 diffuso
512 847 645 923 pandunt
666 847 825 906 animantia
846 847 955 905 mundo

171 949 211 989 330
269 935 397 994 Naturae
419 936 517 994 arcani
540 937 625 995 turba
649 937 776 995 verenda
799 937 898 995 duces.

226 1024 300 1083 Sunt
323 1025 374 1101 qui
397 1025 586 1101 sphaerarum
610 1032 707 1084 motus
730 1031 760 1084 ct
783 1025 880 1084 sidera
903 1024 1019 1100 signent

269 1113 307 1172 Et
330 1131 452 1190 superas
475 1115 553 1172 caelo
576 1113 745 1173 candidiore
770 1115 881 1190 plagas.

226 1201 305 1274 Quos
327 1203 408 1261 fovet
429 1202 540 1261 Vrania
562 1221 700 1279 praesens
723 1203 894 1279 passimque
916 1203 1063 1262 ministrat

270 1291 383 1350 Siderei
407 1292 508 1350 stellas
531 1309 652 1350 noscero
676 1310 808 1368 quasque
831 1292 900 1368 poli.

170 1393 210 1434 aaa
225 1379 392 1456 Explanant
414 1380 531 1453 tabulis,
555 1399 630 1457 quae
653 1381 783 1439 continet
805 1381 871 1456 ipsa
893 1381 1041 1448 mathesis

270 1469 310 1527 Vt
332 1470 448 1544 possint
470 1465 604 1528 Siculum
626 1470 675 1528 vel
699 1487 838 1546 superare
861 1487 969 1528 senem.

225 1555 371 1634 Quirlpote
393 1558 440 1616 vis
463 1558 560 1617 ultra?
593 1559 744 1618 (lantantis
768 1560 841 1616 forte
864 1563 968 1634 poetae

269 1647 304 1705 In
327 1665 483 1705 nummum
506 1648 575 1723 poni
598 1649 699 1707 laurea
722 1654 800 1706 serta
822 1647 916 1723 cupis.

224 1735 349 1810 Pinguia
371 1736 511 1794 florentes
535 1742 565 1796 et
587 1737 694 1796 habent
718 1736 863 1813 stipendia
885 1736 995 1809 Musae,

171 1837 210 1878 alo
268 1824 330 1883 Has
353 1825 463 1884 etenim
486 1825 573 1885 sedes
596 1827 702 1884 dexter
724 1825 829 1902 Apollo
857 1825 933 1883 colit.

224 1912 299 1986 Quid
322 1914 418 1972 fontes
444 1914 519 1972 sacri
542 1933 702 1988 nemorum,
726 1915 798 1991 qnid
820 1914 941 1971 flumina
964 1913 1073 1989 quidve

269 2002 324 2060 Tot
347 2002 456 2060 virides
479 2003 565 2077 horti,
588 2021 699 2080 pascua
720 2008 821 2079 totque
844 2002 909 2075 loci,

224 2091 256 2150 Si
283 2109 340 2148 non
370 2091 512 2165 Pierides,
539 2111 712 2168 magnorum
742 2091 862 2150 numina
891 2095 999 2164 vatum,

268 2179 325 2238 Hic
346 2186 470 2256 agerent
491 2181 600 2257 pariles
623 2187 702 2240 sorte
725 2181 841 2240 favente
864 2181 987 2240 choros?

169 2281 209 2323 345
224 2269 255 2328 Si
287 2269 413 2344 placeat,
447 2270 542 2329 subito
570 2272 685 2329 turbam
715 2269 832 2346 depelle
860 2286 1017 2327 novenam:

209 2418 211 2423 ,
268 2359 416 2416 Arescunt
437 2358 540 2431 fontes,
563 2359 693 2433 flumina,
718 2365 829 2435 stagna,
853 2357 948 2433 lacus;

225 2445 301 2519 Quin
325 2447 412 2506 etiam
435 2448 554 2506 frondes
576 2448 744 2524 agitataque
767 2449 870 2507 robora
892 2453 979 2505 vento

264 2535 399 2612 'Totaque
422 2536 565 2612 quidquid
588 2537 640 2595 alit
662 2538 760 2596 fertile
783 2538 858 2595 silva
880 2536 966 2594 cadit.

170 2636 226 2688 [02¹³]
254 2624 316 2683 Has
339 2625 474 2699 Dryades
498 2625 661 2702 florumque
684 2627 756 2686 deae
779 2630 957 2685 venerantur
979 2625 1096 2698 honore,

169 2725 209 2766 aco
266 2713 396 2772 Naiadas
418 2714 472 2772 has
494 2715 605 2791 passim
627 2715 829 2792 Nereidesque
851 2715 959 2785 colunt,

224 2801 323 2878 thue
346 2821 401 2877 ego
425 2803 586 2878 Apollineis
609 2803 717 2862 fidibus
740 2805 911 2881 plectroque
934 2803 1049 2861 sonanti

267 2891 350 2950 Haec
372 2909 515 2965 canerem,
539 2898 669 2952 astantes
692 2894 851 2952 exhibuere
873 2892 976 2966 lyram.

223 2979 260 3039 Et
283 2981 384 3048 cecini,
408 2999 503 3057 neque
527 2981 605 3040 enim
629 2982 739 3058 placuit
763 2983 926 3040 subducere
948 2981 1083 3053 frontem,

268 3068 463 3146 Suscepitque
486 3076 580 3129 ratem
602 3071 715 3146 plenior
737 3089 808 3129 aura
829 3088 934 3128 meam.

168 3170 208 3211 ³55
222 3159 393 3234 Aequoreos
417 3177 471 3216 neo
494 3159 797 3218 adhucsulcantibus
820 3177 926 3218 ancora
947 3158 1056 3216 fluctus

267 3247 392 3322 Figitur:
416 3247 446 3305 in
470 3253 586 3324 portum
610 3249 674 3307 vela
697 3249 825 3308 secunda
848 3249 970 3307 vehant!

223 3335 395 3412 Spectantes
428 3335 541 3412 Elycen
566 3343 605 3397 'et
635 3338 733 3396 lucida
768 3338 864 3397 sidera
892 3337 1018 3394 mundi'

267 3425 372 3484 Tutius
393 3425 515 3485 adsueta
539 3434 616 3486 sorte
639 3428 780 3486 vehamur
801 3427 893 3504 aquis.

223 3514 286 3574 Stat
309 3515 414 3574 domus
436 3515 512 3574 intra
535 3517 636 3576 urbem
661 3516 835 3576 sublimibus
857 3517 916 3576 alta
939 3515 1091 3588 columnis,

168 3615 208 3656 360
267 3601 360 3676 Quam
383 3603 432 3662 vel
456 3605 618 3681 suspiceret
639 3605 787 3664 Daedalus
810 3606 873 3682 ipse
895 3605 984 3663 faber.
