2770 4274
235 373 275 431 88
569 390 715 445 avscarvs,
738 391 857 433 arrsrca

190 607 191 612 κ
286 568 322 628 In
346 568 474 645 scapulis
497 573 613 628 teneros
636 574 732 646 portat
754 569 806 629 tibi
828 569 956 628 rusticus
979 571 1096 647 lmedcs,

285 657 389 716 Adfert
410 658 553 718 lactentes
576 659 690 735 pavidis
712 677 780 718 cum
803 659 945 718 matribus
967 678 1067 735 agnos

286 746 343 805 Hic
365 752 394 806 et
416 765 490 824 quos
514 748 634 806 canibus
656 748 737 808 iuvat
759 753 847 825 atque
869 748 1005 826 indagine
1028 749 1120 808 saltus

286 836 419 912 Cingere,
443 837 480 895 de
504 837 586 896 silvis
609 838 740 896 referunt
761 838 933 915 tesquisque
956 838 1068 913 ingcsis

231 937 272 978 310
287 925 424 1004 Captivos
447 927 562 1004 lepores
585 926 744 1003 aridasque
766 945 923 986 excurrere
945 927 1055 1001 damas,

286 1015 452 1092 Capreolcs,
475 1016 593 1074 hinulos
616 1021 647 1075 et
669 1034 772 1076 saevos
796 1016 932 1075 dentibus
954 1034 1049 1093 apros.

285 1104 372 1164 Nunc
395 1111 538 1182 superest,
561 1110 596 1164 ut
617 1105 715 1164 adhuc
737 1105 838 1182 populi
861 1105 1035 1166 commercia
1057 1105 1153 1165 dicam

285 1193 464 1270 Multiplices
486 1199 517 1253 et
539 1213 610 1271 opes
632 1200 884 1272 mercatorumque
906 1199 1046 1268 catervae,

286 1282 343 1356 Qui
365 1285 428 1344 lora
450 1283 605 1344 stmnatim
627 1289 686 1358 tna,
709 1284 790 1361 Lips,
814 1289 844 1342 et
865 1284 980 1343 moenia
1002 1289 1153 1360 quaerunt,

231 1384 270 1424 31⁵
286 1372 359 1432 Cum
384 1373 530 1449 zephyrus
553 1391 642 1432 veruo
664 1373 803 1433 fecundat
825 1392 894 1431 rura
917 1391 1018 1433 sereno

125 1453 127 1462 ’
232 1471 290 1526 [Cibi
309 1462 346 1521 Et
368 1462 445 1522 redit
467 1468 625 1521 autumnus
647 1463 742 1538 pomis
765 1463 916 1522 umbratus
939 1468 969 1522 et
992 1463 1057 1521 uvis

285 1552 452 1629 Brumaque
476 1570 529 1611 ncs
552 1551 630 1627 cogit
651 1552 715 1610 Iani
738 1551 906 1611 meminisse
929 1551 1070 1610 bifrontis.

284 1641 435 1700 Mensibns
458 1640 504 1699 his
528 1659 644 1717 semper
666 1641 813 1717 certisque
836 1641 883 1699 bis
906 1641 1038 1718 partibus
1060 1641 1129 1700 anni

285 1729 433 1806 Quidquid
456 1747 563 1806 vesper
584 1729 674 1788 babet
696 1731 743 1789 vel
766 1730 908 1807 quidquid
930 1730 1019 1789 donat
1042 1748 1121 1804 eone,

230 1830 270 1874 320
285 1819 332 1878 Ad
354 1819 468 1896 Lipsim
491 1818 603 1895 rapitur
625 1837 714 1878 cursu
735 1820 913 1896 fremituque
936 1819 1064 1878 secundo

284 1908 345 1966 Vix
367 1910 510 1985 populum
534 1908 707 1985 turbamque
730 1908 786 1967 viis
809 1909 991 1986 capientibus
1013 1926 1139 1968 omnem.

285 1997 342 2057 Hic
365 1998 508 2075 quidquid
532 1998 659 2073 Calybes
682 1998 797 2057 fodiunt
819 2005 849 2058 et
870 1998 1006 2057 Dalmata
1027 2016 1114 2058 caeca

285 2087 345 2147 Sub
368 2087 475 2146 tellure
497 2087 580 2162 legit,
603 2087 746 2164 quidquid
770 2087 893 2146 Celletia
915 2087 998 2146 dives

283 2175 377 2250 Eruit,
400 2176 449 2236 hic
472 2175 615 2253 quidquid
638 2177 765 2253 pretioso
787 2175 876 2235 tinxit
897 2180 970 2235 atino

230 2265 463 2342 retractavitque
487 2265 583 2340 Tyrus
606 2271 636 2324 et
657 2266 769 2325 murice
792 2265 898 2342 Sparta
921 2265 1048 2325 secundo

284 2355 415 2428 Ponitur,
438 2355 497 2413 hnc
519 2354 597 2413 avidi
620 2354 739 2414 mittunt
762 2373 815 2414 sua
837 2355 949 2416 vellera
971 2354 1067 2430 Seres,

284 2443 350 2503 Huc
373 2443 516 2520 quidquid
538 2444 660 2520 pinxere
684 2445 820 2519 Phryges
842 2444 983 2522 radioque
1007 2445 1120 2504 sonanti

285 2532 415 2592 Contulit
437 2533 568 2608 Assyria,
591 2533 732 2608 Babylon,
757 2533 903 2592 Chaldaea
926 2534 981 2592 sub
1004 2534 1114 2593 umbra.

284 2622 352 2680 Huc
375 2622 496 2680 veniunt
518 2622 622 2681 bimari
645 2622 784 2682 certantia
808 2641 878 2681 vasa
901 2622 1047 2696 Corintho,

230 2722 270 2764 aec
284 2711 350 2771 Huc
372 2729 443 2770 auro
466 2711 552 2770 solidi
574 2715 700 2770 crateres
723 2711 861 2789 fulvaque
884 2711 994 2788 passim

283 2801 419 2877 atquae
442 2800 591 2860 Mentoreo
614 2801 744 2877 periecta
766 2806 929 2860 toreumata
952 2801 1034 2860 caelo

283 2890 349 2948 Aut·
365 2889 446 2948 iures
469 2890 600 2965 Phrygio
624 2890 719 2948 solum
742 2891 894 2950 tractanda
916 2889 1059 2949 ministre.

283 2977 370 3038 Nunc
391 2978 459 3037 Indi
481 2979 619 3055 rubrique
642 2984 739 3056 potest
761 2979 896 3057 quisnam
919 2979 1054 3057 aequoris
1077 2979 1167 3055 ignes,

284 3067 356 3141 Quis
379 3086 511 3143 gemmas
533 3086 688 3128 numerare
710 3068 807 3127 valet?
842 3068 909 3127 Non
932 3068 1030 3144 segnis
1054 3068 1142 3145 iaspis

229 3170 269 3211 aas
283 3157 339 3216 Hic
361 3157 444 3230 viret,
467 3176 571 3216 arcano
593 3158 642 3216 hic
664 3159 849 3233 amethystus
871 3158 1002 3234 fulgurat
1024 3163 1110 3231 ostro,

230 3257 295 3312 [crya]
316 3247 431 3306 Electra
453 3246 502 3306 hic
524 3247 634 3306 crebris
656 3247 804 3306 delectant
826 3247 919 3306 mixta
942 3247 1112 3322 smaragdis.

283 3335 340 3394 Hic
363 3341 393 3394 et
415 3337 600 3411 sardonyces,
624 3336 725 3411 lychni
748 3337 931 3414 flammisque
955 3337 1059 3413 pyropi

283 3425 452 3499 Conlucent,
475 3425 563 3484 variis
586 3425 736 3501 hyacinthi
759 3425 808 3484 hic
830 3427 919 3485 ducta
940 3426 1044 3502 figuris

284 3515 406 3574 Caerula
427 3515 618 3593 praeradiant,
642 3515 725 3592 opalo
748 3516 887 3575 contusus
909 3516 1022 3592 aptatus

229 3617 269 3659 340
284 3605 425 3682 Splendet
447 3609 478 3664 et
500 3604 627 3680 inhagili
649 3609 757 3665 teretes
779 3604 933 3665 adamante
956 3605 1091 3680 cylindri.
