2770 4274
247 339 287 395 58

290 532 392 590 Musas
423 538 579 608 antequam
609 533 686 591 male
715 533 892 590 haberentur
919 532 1117 604 reduxissem,
1146 550 1206 590 non

291 621 405 680 dicerer
428 627 562 697 poemata
590 621 731 680 obtulisse
758 620 918 680 metuentia
941 621 1099 680 scombros.
1145 620 1206 680 Sed

290 728 349 768 non
370 711 498 786 amplius
519 710 707 786 loquendum,
730 729 768 768 ne
791 709 865 768 mihi
887 710 1065 768 camarinam
1087 728 1205 769 movere

290 798 398 858 videar.
430 800 565 858 Alterum
579 817 647 858 vero
663 799 765 875 paucis
778 805 845 858 ante
859 799 963 857 diebus
977 799 1056 875 apud
1071 817 1123 857 vos
1138 817 1205 858 sum

258 893 432 964 sexpertus
461 906 519 946 non
550 887 614 946 sine
644 906 749 963 magno
778 887 869 946 animi
898 888 1007 946 dolore.
1053 886 1206 964 Siquidem

290 995 358 1035 omn
394 978 470 1036 hanc
500 977 732 1036 lucubrationem
764 977 945 1051 Hieronymo
976 995 1041 1036 meo
1073 983 1136 1034 tum
1168 977 1205 1035 ob

290 1066 439 1140 egregiam
471 1065 665 1124 eruditionem
697 1072 760 1123 tum
792 1066 828 1124 ob
860 1062 1062 1124 incredibilem
1092 1083 1206 1124 morum

247 1165 304 1220 [aaa]
325 1155 498 1213 suavitatem
527 1155 599 1212 mihi
629 1155 867 1213 coniunctissimo
899 1154 1057 1230 ascriptam
1086 1154 1206 1213 librario

291 1244 504 1303 commisissem
534 1261 676 1321 suamque
707 1244 759 1302 ille
791 1261 910 1318 operam
939 1251 1018 1302 esset
1048 1243 1205 1319 pollicitus,

246 1345 273 1386 10
290 1332 364 1391 adeo
383 1333 479 1391 omnia
492 1351 583 1409 paene
597 1332 724 1405 invertit,
748 1332 927 1408 depravavit,
945 1332 1060 1391 mendis
1073 1331 1205 1406 involvit,

290 1427 325 1479 ut
355 1422 407 1480 vix
439 1422 527 1481 huius
558 1440 606 1480 me
640 1422 784 1497 poematis
820 1427 969 1480 auctorem
1005 1439 1205 1496 agnoscerem.

291 1511 380 1569 Porro
403 1511 470 1587 quis
493 1529 550 1569 non
573 1511 686 1568 caelum
709 1516 805 1570 terrae
821 1516 852 1568 et
864 1515 958 1569 terras
973 1510 1096 1568 misceat
1109 1509 1205 1582 undis,

290 1600 341 1658 ubi
368 1605 412 1658 tot
439 1617 552 1658 errores
578 1600 611 1658 in
637 1605 697 1658 tam
727 1617 817 1675 parvo
840 1599 982 1675 opusculo
1004 1599 1206 1658 occurrerint?

206 1753 207 1760 ,
290 1688 329 1747 Et
351 1688 429 1764 quod
451 1688 538 1764 longe
560 1693 607 1747 est
623 1687 922 1763 impudentissimum,
947 1687 1046 1746 statim
1059 1688 1091 1744 in
1105 1687 1205 1746 limine

247 1789 272 1829 16
290 1778 332 1836 ita
355 1783 484 1836 erratum
507 1782 554 1835 est
575 1796 593 1836 a
615 1777 745 1850 librario,
775 1783 809 1834 ut
831 1777 1048 1836 manifestarius
1072 1777 1206 1836 soloeeus

291 1867 416 1925 frontem
438 1866 529 1925 libelli
549 1866 675 1924 intuenti
691 1884 762 1924 mox
776 1883 843 1924 sese
858 1867 968 1938 offerat,
987 1865 1125 1924 nimirmn
1139 1883 1206 1924 can-

290 1955 384 2014 terius
397 1955 428 2012 in
437 1961 529 2031 porta.
553 1953 682 2027 Quantas
695 1960 767 2013 binc
779 1954 945 2030 tragoedias
960 1953 1122 2028 excitarim,
1139 1971 1207 2013 curn

291 2044 322 2102 id
345 2049 500 2117 constaret,
525 2050 627 2120 utpote
649 2061 741 2102 novae
763 2045 877 2102 feturae
899 2061 1007 2120 pareus
1029 2061 1206 2119 quamquam

291 2151 329 2191 ne
348 2151 471 2208 magnae
486 2132 605 2209 quidem
629 2139 729 2191 contra
746 2133 955 2205 insidiatorem,
976 2132 1008 2191 hi
1021 2131 1206 2208 potissimum

246 2233 273 2274 20
292 2222 398 2295 sciunt,
421 2239 545 2298 quorum
558 2221 761 2294 familiaritate,
782 2221 854 2280 dum
867 2221 946 2298 apud
960 2239 1013 2279 vos
1028 2239 1116 2293 eram,
1140 2237 1207 2278 sum

291 2328 371 2369 usus.
408 2309 473 2369 Nec
495 2311 650 2387 quiescere
673 2311 763 2386 potui,
787 2311 881 2370 donec
895 2328 945 2369 eos
960 2327 1074 2369 errores
1088 2309 1207 2368 aliunde

291 2399 363 2458 mihi
376 2406 414 2473 et,
430 2405 463 2458 ut
476 2400 562 2475 plane
575 2400 707 2473 arbitror,
723 2400 790 2458 data
805 2417 894 2475 opera
911 2400 1054 2476 impactos
1068 2399 1206 2457 eluerem.

291 2488 438 2547 Basileam
460 2489 551 2564 igitur
572 2489 729 2564 profectus,
752 2494 786 2547 ut
801 2489 957 2546 Erasmum
971 2487 1206 2560 Roterodamnm,

291 2577 381 2636 totius
392 2576 564 2636 Germaniae
576 2577 667 2636 decus
676 2577 851 2651 immortale,
861 2583 892 2636 et
901 2577 1024 2636 Beatum
1031 2577 1207 2635 Rhenanum

247 2677 273 2718 25
292 2664 533 2740 eruditissimum,
541 2685 666 2742 quorum
677 2666 977 2725 consuetudinetruor
985 2665 1206 2738 iucundissime,

292 2761 464 2832 ceterosque
498 2756 654 2814 litterariae
691 2756 735 2814 rei
771 2755 919 2832 principes
956 2772 1053 2813 coram
1090 2771 1207 2830 quoque

291 2844 433 2918 viderem,
457 2844 609 2903 occasione
632 2844 729 2903 oblata
746 2845 819 2903 haec
837 2863 903 2902 mea
920 2843 1090 2919 lbiburgica
1113 2843 1207 2902 denuo

292 2933 488 3010 imprimenda
510 2933 618 2992 curavi.
662 2933 694 2992 Si
716 2939 814 2992 autern
838 2933 1001 3009 cuiuspiam
1024 2933 1112 2991 tacita
1135 2931 1208 2989 mihi

292 3024 473 3099 obstreperet
506 3022 658 3097 cogitatio,
694 3041 747 3081 cur
779 3024 855 3082 hanc
886 3040 982 3080 meam
1014 3022 1117 3080 urbem
1149 3037 1208 3078 non

246 3123 274 3164 ao
292 3111 510 3170 inlustraverim
538 3112 700 3182 fecundius,
729 3129 782 3170 cur
803 3112 835 3169 in
857 3117 917 3170 tam
941 3110 1055 3169 modico
1078 3109 1207 3168 carmine

293 3201 348 3259 sim
371 3200 459 3276 paulo
481 3200 683 3276 importunior,
706 3201 732 3258 is
754 3201 831 3258 intra
851 3217 884 3259 se
898 3200 1009 3274 cogitet
1022 3217 1080 3258 non
1095 3203 1208 3257 tantum

292 3289 349 3348 olei
359 3307 524 3366 superesse,
538 3290 622 3348 cuius
635 3290 777 3348 iacturam
790 3289 829 3348 ad
841 3289 1041 3348 accessionem
1051 3287 1208 3365 parandam

292 3379 389 3436 facere
418 3396 549 3454 possem,
577 3377 700 3454 proinde
726 3379 756 3436 in
785 3385 845 3437 tam
867 3377 982 3436 modico
1005 3382 1138 3454 poemate
1147 3391 1208 3446 erne

292 3472 336 3526 tot
358 3485 466 3526 naevos
479 3467 580 3526 videre
594 3466 772 3544 nequivisse.
808 3467 839 3527 Si
853 3467 967 3526 veroid
985 3485 1043 3525 non
1057 3465 1208 3542 placuerit

247 3569 274 3609 es
292 3562 324 3615 et
346 3556 463 3615 simiam
484 3574 523 3616 ex
537 3555 665 3616 Tabraca
689 3574 758 3615 suos
779 3557 891 3616 catidos
906 3555 1047 3614 extollere
1061 3559 1208 3630 agnoscat.
