2770 4274
509 342 607 383 ΕΟΒΑΝ
609 343 650 398 VS,
672 343 848 384 NORIBERGA.

243 518 356 578 Inluvie
379 519 465 578 foeda
486 524 517 578 et
539 520 640 579 vitiato
663 520 784 579 humore
807 520 936 592 lacunae,
963 575 964 578 ,

187 621 230 662 400
244 608 360 682 Frigida
383 627 437 667 nec
459 614 569 667 taetras
592 610 730 682 exhalant
753 627 821 667 rura
844 609 998 685 mephites,

244 696 318 756 Cum
340 715 437 774 neque
460 698 615 773 sulpureae
638 699 761 756 subeant
783 716 837 774 per
859 716 986 756 concava
1009 715 1100 756 venae

244 786 335 844 Antra
358 786 520 845 salebrosas
545 788 645 846 subter
669 787 830 862 squalentia
853 805 952 863 rupea,

244 873 302 933 Sed
326 875 417 933 sterili
440 875 521 950 regio
544 881 605 934 tota
627 875 787 934 obducatur
809 876 918 934 harena

243 962 282 1021 Et
304 964 408 1022 subtus
431 964 488 1022 nisi
512 982 583 1023 saxa
604 963 674 1039 iugo
697 971 833 1023 concreta
855 964 977 1040 perenni

187 1064 231 1105 400
244 1051 387 1111 Dulcibus
409 1053 602 1112 adfoveantur
624 1052 709 1129 aquis
722 1071 766 1112 ac
788 1059 848 1111 tota
870 1053 981 1128 rigetur

245 1139 301 1199 Ora
323 1142 521 1217 probabilibus
545 1148 673 1218 potuque
697 1142 863 1200 salubribus
887 1142 981 1200 undis.

244 1227 309 1288 Non
332 1230 448 1303 mirum,
472 1231 621 1288 01001100
644 1232 679 1289 ab
703 1231 750 1288 his
773 1249 863 1306 vapor
885 1236 947 1289 ater·
969 1230 1007 1289 ad
1029 1248 1114 1289 auras
1214 1245 1215 1250 ’

243 1317 370 1378 Exhalet
392 1319 520 1394 latebris,
544 1320 596 1396 qui
618 1319 752 1378 tristibus
774 1324 843 1378 aera
864 1319 953 1378 fumis

243 1407 358 1467 Inficiat
380 1407 519 1484 virusque
542 1426 651 1467 nocens
674 1409 705 1466 in
728 1426 849 1484 corpora
872 1412 999 1483 spargat.

186 1496 336 1569 0οΑ01410,
361 1515 449 1572 quam
471 1496 593 1556 hiberno
616 1497 703 1573 plaga
725 1496 832 1555 Norica
854 1497 962 1572 frigore
985 1515 1136 1573 nunquam

244 1584 365 1661 Torpuit
387 1591 454 1644 usta
476 1586 564 1644 nimis
587 1605 642 1644 000
663 1586 773 1662 iniquis
797 1586 907 1644 solibus
930 1586 1003 1644 arsit

244 1673 396 1749 Temporis
419 1675 522 1733 aestim'
545 1675 676 1749 nimium,
700 1676 752 1734 sed
776 1681 901 1750 utraque
921 1675 1054 1733 vicissim

243 1761 396 1838 Temporis
419 1764 551 1838 gaudens
573 1783 638 1823 raro
661 1764 738 1822 mala
760 1757 893 1840 tempora
915 1763 1007 1823 sensit

188 1861 252 1916 [dira]
277 1850 403 1928 Corpora
426 1853 491 1911 tabe
516 1871 569 1911 sua
591 1853 752 1928 grassantis
775 1853 806 1910 in
830 1852 925 1911 omnia
948 1852 1049 1928 pestis.

186 1951 229 1993 400
243 1939 320 1999 Hinc
350 1941 437 2000 etiam
460 1942 544 2017 vigor
566 1942 617 2001 ille
640 1942 815 2014 animorum,
845 1941 912 1998 hino
936 1941 1034 2000 vivida
1061 1941 1158 2017 gentis

242 2029 362 2105 Ingenia
385 2032 542 2100 exsultant,
566 2030 681 2106 quando
705 2031 779 2088 solet
801 2029 878 2088 aeris
900 2029 980 2087 idem

244 2116 301 2190 Qui
323 2119 367 2176 fui
402 2137 468 2177 0000
491 2119 597 2177 animis
620 2118 746 2192 habitus,
770 2118 887 2194 quando
909 2118 978 2177 inde
1001 2119 1174 2177 trahuntur·

243 2205 386 2280 Virtutes,
410 2207 490 2279 vitia,
515 2212 612 2283 pestes
635 2225 792 2283 rerumque
816 2208 935 2282 figurae.

244 2292 299 2366 Qui
322 2295 390 2371 quia
414 2293 553 2355 Germani
574 2296 718 2355 latissima
740 2315 830 2370 regna
853 2314 906 2372 per
929 2296 1006 2355 orbis

186 2395 229 2437 495
243 2383 348 2443 Purior
370 2389 415 2444 est
438 2385 513 2443 nulli
535 2385 668 2461 nullique
691 2385 846 2459 benignior
868 2385 943 2458 urbi⁷

242 2472 309 2531 Non
331 2473 401 2532 alibi
423 2473 544 2533 meliora
566 2474 667 2550 rigent
689 2474 719 2531 in
742 2474 830 2532 rebus
853 2473 975 2548 agendis

242 2561 365 2636 Ingenia
388 2568 439 2620 aut
460 2563 549 2620 animi
571 2563 665 2638 magis
689 2563 780 2620 ardua
802 2563 878 2621 facta
901 2567 1066 2639 sequentes.

244 2650 371 2727 Corpora
394 2651 466 2728 quin
489 2653 577 2710 etiam
599 2652 692 2710 multo
715 2652 835 2710 robusta
856 2650 948 2710 labori

243 2739 408 2814 Sufficiunt,
432 2745 462 2799 et
484 2740 605 2799 militiae
629 2740 698 2799 satis
721 2745 790 2816 apta
811 2740 957 2799 iuventus
1062 2797 1063 2800 ,

453 2970 551 3030 Silva
574 2971 653 3030 urbi
676 2971 902 3029 circumfusa.

186 3106 229 3148 500
288 3095 399 3154 Circuit
420 3095 562 3155 inclusam
586 3095 718 3172 pulchris
741 3095 925 3171 amplexibus
948 3097 1050 3154 urbem

243 3182 323 3242 Silva
345 3189 450 3260 patens
473 3203 594 3260 passum
617 3191 662 3244 ter
684 3184 764 3244 milia
786 3184 916 3261 quinque
939 3202 1058 3243 recessu

242 3272 384 3332 Interiora
408 3273 454 3332 sui
477 3275 524 3332 vel
547 3274 634 3350 paulo
658 3273 742 3350 plura
764 3292 819 3332 nec
841 3274 894 3332 ulli

242 3361 408 3436 Hercyniae
432 3381 583 3421 nemorum
607 3363 724 3436 cedens,
749 3363 774 3422 si
796 3363 948 3422 commoda
971 3367 1085 3438 spectes

242 3450 303 3509 Aut
326 3451 414 3510 etiam
438 3471 513 3528 quae
537 3452 678 3511 silvarum
702 3452 776 3512 solet
797 3469 863 3511 esse
886 3451 1022 3528 voluptas

186 3551 228 3592 000
243 3539 283 3598 Te
305 3540 388 3600 iuvet
410 3546 497 3618 atque
519 3541 607 3600 animi
629 3545 745 3600 tantum
768 3541 960 3600 oblectamina
980 3557 1112 3617 quaeras.
1189 3611 1191 3615 ,
