2770 4274
504 389 645 444 EOBANVS,
667 388 843 430 nortmanos.

185 579 230 621 710
244 565 391 625 Messibus
414 571 445 625 et
466 566 542 624 flavo
564 584 640 644 quae
663 564 794 641 Gargara
816 565 887 624 ditia
909 565 992 624 cultu

243 655 281 713 Ht
303 673 379 731 quae
402 655 545 714 mirentur
566 654 678 729 Lybiae
701 655 823 714 cerealia
845 673 921 728 rura,

244 743 355 802 Horrea
377 744 531 802 frumentis
554 743 732 820 plenissima.
773 743 907 802 Finxeris
929 747 1027 802 autem

243 831 318 890 Hsse
341 832 469 890 humiles
492 834 616 891 fortasse
638 849 734 903 oasam
758 851 796 891 ne
819 831 888 890 talia
910 832 1018 907 fingas:

244 920 356 980 Horrea
378 927 448 980 sunt
470 939 642 996 magnorum
669 939 791 996 operum
817 925 906 997 atque
928 920 1060 996 ingentia
1081 925 1158 979 tecta

189 1023 231 1064 115
245 1009 476 1086 Magnificaeque
499 1010 612 1083 domus,
636 1028 760 1086 quarum
782 1028 836 1086 par
858 1009 1006 1086 quaelibet
1027 1008 1095 1068 altis

244 1099 370 1158 Areibus
392 1117 458 1158 esse
480 1103 575 1175 queat.
614 1099 672 1158 Sed
695 1117 753 1157 non
776 1116 865 1175 quam
887 1103 998 1158 structa
1020 1098 1157 1158 decenter

244 1186 393 1261 Haterius,
417 1188 470 1247 sed
493 1207 582 1264 quam
605 1188 665 1246 sint
686 1187 765 1246 intus
788 1187 860 1246 ditia
882 1187 979 1260 refert,

246 1274 338 1348 Quam
361 1277 475 1336 iaceant
497 1279 709 1336 frumentorum
733 1293 841 1350 genera
863 1275 961 1335 omnia
983 1276 1098 1351 magnis

247 1366 436 1424 Accumulata
459 1371 502 1424 tot
524 1383 665 1424 annorum
688 1383 742 1441 per
764 1364 881 1423 saecula
903 1365 1024 1424 acervis

185 1467 232 1508 720
245 1453 284 1512 Ht
306 1454 375 1512 lioet
397 1455 583 1514 aeoumulent
605 1472 754 1530 nunquam
777 1471 835 1512 non
858 1453 950 1512 horna
972 1453 1105 1527 vetustis,

246 1542 317 1600 Plns
342 1549 473 1602 veterum
497 1551 593 1602 tamen
616 1561 682 1602 esse
705 1543 802 1602 ferrmt
823 1542 984 1618 eademque
1006 1560 1122 1602 manere

245 1631 336 1689 Posse
353 1632 455 1690 decem
469 1632 577 1705 decies,
600 1631 699 1691 deoies
713 1649 830 1708 quoque
843 1631 972 1707 quinque
987 1649 1040 1707 per
1058 1649 1157 1689 annos,

246 1719 375 1792 Quorum
399 1721 492 1779 multa
514 1721 568 1778 tibi
591 1721 771 1796 praebebunt
793 1721 896 1778 horrea
919 1724 1032 1778 nostra:

247 1808 314 1868 Sive
337 1809 428 1884 igitur
450 1809 524 1868 dura
547 1828 661 1883 saevus,
683 1809 761 1886 quod
784 1809 941 1882 abominor,
964 1808 1058 1867 hostis

188 1910 231 1952 τεῦ
247 1896 402 1956 Obsidione
425 1905 545 1974 premat,
569 1917 626 1957 non
649 1898 715 1958 urbi
737 1899 821 1973 eopia
844 1898 937 1956 deerit

246 1986 503 2064 Quarumcumque
527 2005 600 2063 opus
623 1993 669 2046 est
691 2005 745 2062 per
767 1987 837 2045 talia
859 1993 991 2062 tempora
1013 2003 1120 2045 rerum.
1172 2031 1174 2036 ,

246 2075 312 2133 Non
334 2081 448 2134 tantum
470 2077 650 2135 frumentum
674 2075 782 2134 etenim
805 2075 952 2134 cumulata
975 2080 1128 2150 reponunt,

246 2164 358 2222 Verum
381 2165 446 2224 aliis
470 2165 557 2224 etiam
580 2164 722 2240 penuaria
745 2164 872 2239 plurima
894 2165 981 2226 rebus

247 2253 339 2312 Plena
361 2259 471 2326 tenent,
495 2254 601 2329 quibus
624 2253 772 2312 excidium
795 2252 961 2329 propellere
983 2252 1097 2328 possint

190 2355 233 2396 rao
247 2342 424 2401 Incumbens
447 2342 599 2418 hostisque
623 2342 716 2400 minas
740 2351 924 2400 contemnere
946 2342 1056 2400 inanes.

248 2430 391 2506 Tempora
414 2449 466 2490 seu
489 2431 569 2490 dirae
592 2431 678 2489 famis
700 2431 888 2490 inelementia
910 2430 984 2490 oaeli

248 2519 373 2578 Duxen't
393 2525 444 2578 aut
466 2520 534 2578 duri
557 2525 691 2578 sternens
713 2521 794 2578 furor
817 2519 913 2578 omnia
935 2519 1045 2591 Martie,

191 2619 264 2673 rotila]
286 2608 376 2668 Nulla
399 2609 455 2668 erit
477 2609 526 2668 nio
549 2609 707 2668 metuenda
728 2609 834 2681 fames,
860 2625 934 2684 quae
957 2625 1078 2683 corpora
1100 2608 1159 2666 leto

247 2697 371 2756 Hauriat
392 2703 444 2755 aut
466 2697 588 2757 miseros
611 2703 697 2772 cogat
719 2715 772 2756 sua
794 2698 916 2772 pignora
933 2696 1013 2755 cives

191 2799 233 2840 rao
248 2786 391 2844 Deserere
413 2793 501 2862 atque
524 2787 604 2845 eibos
626 2787 722 2846 aliena
745 2804 884 2862 quaerere
907 2791 993 2844 terra.

247 2875 410 2934 Possumus
433 2875 489 2934 hoe
511 2875 612 2934 testari
635 2875 731 2948 etiam,
754 2874 832 2951 quod
855 2874 983 2933 vidimus
1005 2874 1071 2950 ipsi,

249 2963 323 3022 Cum
347 2964 448 3040 paucis
471 2983 584 3024 annona
606 2964 712 3024 brissei
734 2964 828 3022 carior
849 2964 934 3022 annis

248 3053 303 3110 His
326 3053 444 3129 aliquot,
467 3053 548 3129 quali
570 3053 650 3112 cives
672 3052 780 3129 pietate
803 3057 923 3111 senatus

248 3141 365 3201 Foverit
386 3141 520 3200 adflictos
543 3160 643 3200 rerum
664 3147 694 3200 et
716 3141 833 3217 pietatis
856 3146 985 3216 egentes

192 3243 235 3284 mo
248 3229 383 3306 Namque
406 3231 456 3290 ubi
479 3235 561 3290 eoeta
584 3231 674 3290 Ceres
696 3248 802 3305 magno
824 3230 938 3289 veniret
959 3235 990 3289 et
1011 3233 1112 3288 essent

249 3317 353 3378 Omnia
376 3319 488 3378 difficili
511 3320 588 3396 stipe
610 3338 664 3396 per
686 3320 748 3378 fora
770 3323 875 3378 cuneta
897 3319 1033 3394 paranda,

248 3407 360 3466 Horrea
382 3409 481 3467 clausa
503 3408 554 3466 diu
577 3409 702 3469 reserari
724 3407 811 3467 iussit
833 3414 864 3467 et
885 3407 954 3466 inde

249 3497 421 3573 Sumptibus
443 3498 593 3574 expositas
616 3497 730 3573 magnis
753 3497 936 3573 oompinsere
958 3497 1059 3572 fruges

248 3585 288 3644 Ht
310 3586 417 3662 populo
441 3586 557 3646 Cereris
579 3586 740 3646 iustissima
762 3585 892 3662 pondera
914 3585 1002 3645 vendi

249 3703 297 3746 Lat.
312 3703 520 3746 Litteraturdenkm.
536 3705 569 3746 12.
984 3688 1000 3740 3
