2770 4274
506 395 650 453 soranus·
668 397 845 438 neumausi.
955 377 956 380 ’

242 571 363 646 Quando
387 591 440 650 per
461 573 613 648 ingentem
637 573 774 633 Germani
797 573 923 633 nominis
945 593 1025 633 oram

183 676 226 716 ars
241 661 307 720 Non
329 661 417 721 aliam
439 663 566 738 populus
590 663 772 722 numerosior
793 663 893 722 incolit
915 664 1026 722 urbem.

241 750 305 810 Nec
326 751 425 810 minus
447 756 493 810 est
514 751 604 810 iacies
627 752 761 827 speciosa
782 757 814 811 et
836 752 990 829 splendida
1012 753 1127 829 pulchri

243 837 335 912 Quam
356 839 483 916 spatiosa
501 840 564 913 lori,
584 859 711 917 namque
728 841 859 918 rmdique
877 841 1000 917 pulchra
1018 848 1156 900 coronant

243 929 340 1005 Atque
362 947 450 1004 opera
472 934 559 1005 atqua
582 929 687 988 domus
709 930 848 1006 pulchrae
871 936 1058 1008 sumptuque

991 1017 1154 1097 [superbae.

242 1105 341 1182 thue
364 1106 483 1184 aliquid,
507 1107 644 1184 quoniam
666 1108 750 1166 locus
772 1108 846 1166 istoc
868 1107 1005 1184 postulat,
1028 1108 1132 1167 horum

186 1209 229 1249 sao
242 1194 391 1270 Libemus‚
415 1196 516 1272 paucis
538 1195 679 1272 quaedam
703 1197 777 1255 libet
798 1196 885 1255 edere
908 1197 1013 1256 verbis.

371 1427 492 1486 Fontis
515 1426 750 1503 pulcherrimi
774 1427 982 1504 descriptio
1045 1460 1047 1466 ,

242 1553 269 1608 A
292 1550 396 1610 dextra
419 1551 537 1626 regione
559 1552 623 1624 fori,
646 1571 704 1628 qua
727 1551 821 1610 clivus
843 1554 879 1610 ab
902 1571 968 1611 arce

243 1640 357 1699 Desinit
379 1646 540 1713 extremus,
565 1646 622 1699 stat
644 1641 776 1716 pyramis
798 1646 863 1700 acta
886 1641 940 1700 sub
963 1659 1049 1700 auras

244 1729 403 1804 Perspicua
425 1736 455 1788 et
478 1729 565 1788 variis
588 1747 710 1806 operum
733 1730 842 1788 caelata
865 1731 976 1806 figuris,

190 1829 239 1882 lfibl
258 1817 401 1877 Marmore
424 1825 484 1878 tota
506 1819 603 1877 nitens
625 1824 713 1895 atque
735 1837 806 1878 auro
829 1824 889 1877 tota
911 1837 1076 1893 coruscans,

188 1919 229 1960 ass
244 1905 351 1965 Crebra
374 1907 452 1982 pylis
475 1911 505 1965 et
527 1907 683 1982 multiplici
706 1913 845 1983 tanquam
868 1907 969 1966 ordine
992 1908 1112 1966 structis

244 1995 385 2055 Turribus
407 1996 582 2072 adsurgens3
607 1996 729 2071 topiaria
751 1996 849 2056 dicere
872 1997 968 2072 possis

243 2083 317 2142 Dese
339 2102 441 2160 opera,
469 2090 500 2143 at
522 2085 640 2143 mollem
664 2102 721 2143 non
744 2085 850 2143 fallunt
872 2103 1015 2144 marmora
1036 2090 1155 2144 tactum.
1178 2141 1182 2152 ,

244 2173 440 2232 Circumstant
463 2173 619 2232 simulacra
641 2173 736 2232 virum
760 2173 798 2232 de
822 2192 965 2233 marmore
989 2173 1103 2250 sculpta

243 2262 340 2338 Atque
362 2281 433 2320 auro
456 2262 573 2335 caelata,
588 2257 703 2338 'quibus
726 2263 829 2321 florere
851 2281 905 2338 per
926 2263 1029 2322 urbem

189 2365 229 2404 aao
245 2350 322 2409 Cura
343 2351 399 2409 luit
421 2353 509 2410 rebus
532 2369 585 2427 per
607 2351 692 2410 io1tia
713 2352 790 2410 iacta
812 2351 957 2426 gerendis.

243 2438 350 2498 Totum
372 2458 446 2515 opus
469 2440 599 2498 exterius
622 2439 784 2498 circumdat
806 2441 902 2499 ferrea
925 2458 1027 2516 saepes

244 2528 388 2588 Cancellis
411 2535 549 2589 contexta
571 2529 641 2603 suis,
664 2528 701 2587 de
723 2546 868 2588 memore
890 2535 984 2588 crater

244 2618 329 2676 Intus
351 2622 381 2675 et
404 2617 524 2676 undanti
546 2618 674 2677 refluens
696 2617 851 2694 aspergine
873 2618 996 2692 labrum,

243 2706 279 2764 ln
302 2706 381 2783 quod
394 2706 508 2765 'defluit
530 2707 608 2764 unda
631 2707 676 2766 bis
698 2712 762 2766 octo
785 2706 934 2766 canalibus
957 2707 1058 2780 aereis,

190 2808 230 2848 ess
244 2793 323 2867 Quas
346 2795 441 2870 capita
464 2795 591 2854 hnmano
614 2795 689 2854 1ictu
711 2795 852 2855 deformia
875 2795 970 2854 saevis

243 2883 388 2942 Dentibus
410 2901 570 2959 apprensas
592 2883 719 2942 retinent
741 2889 906 2961 teretesque
929 2883 1024 2942 tenaci

245 2970 302 3031 Ore
326 2978 436 3048 spuunt
458 2973 561 3046 undas,
585 2991 709 3049 quarum
732 2990 789 3030 non
811 2973 893 3048 larga
916 2972 1038 3031 scaturit

244 3060 299 3120 lllo
322 3079 398 3120 vena
419 3061 491 3135 loco,
515 3062 567 3120 sed
590 3080 679 3138 quam
702 3061 738 3120 de
761 3062 840 3120 fonte
863 3061 981 3137 sequaci

245 3150 404 3210 Terrestris
426 3150 513 3226 longo
536 3149 656 3210 deducit
677 3149 778 3209 iishrla
800 3155 904 3223 tractu,

190 3251 231 3292 aro
244 3238 309 3297 Non
333 3245 368 3297 ut
389 3257 480 3316 aquas
503 3239 572 3325 olim
595 3239 696 3316 plures
719 3239 849 3297 Romana
873 3239 984 3298 solebat

244 3328 359 3386 Ducere
382 3334 412 3387 et
434 3329 562 3388 obiectos
585 3329 732 3388 terebrare
754 3328 883 3404 potentia
906 3334 1019 3386 montes

244 3419 343 3494 Atque
365 3434 491 3493 aequare
514 3435 601 3475 cavas
625 3423 736 3476 suuota
758 3417 906 3476 testudine
929 3417 1034 3476 valles:

244 3505 385 3564 Nostrum
409 3523 483 3582 opus
506 3511 552 3564 est
574 3524 679 3582 operae
701 3505 832 3579 levioris,
861 3511 891 3564 et
912 3506 1055 3581 approbat
1076 3509 1157 3564 aetas

244 3594 344 3672 Ipsius
367 3595 440 3653 haec
462 3611 557 3654 usum.
604 3593 700 3667 Quare
723 3612 776 3653 seu
799 3595 917 3654 nomine
940 3595 1049 3653 iontem
