2770 4274
519 391 663 446 ursorum,
686 391 805 433 nrssrcn.
1101 375 1142 433 85

231 572 329 648 thue
351 570 464 630 habiles
486 570 581 629 ventri
604 570 724 644 malvas,
749 573 781 628 ut
805 570 907 630 sectile
930 571 1057 646 porrum,

231 660 271 718 Vt
294 660 375 734 siser,
399 666 432 718 nt
454 659 537 736 pigro
560 659 718 735 gaudentia
740 659 849 735 frigore
871 661 960 736 rapu?

230 749 365 808 Brassica
388 768 442 808 nec
465 749 545 822 defit,
569 767 623 808 nec
645 749 730 808 abest
751 749 873 823 lactuca,
896 748 1027 808 ciborum

231 837 320 898 Grata
344 838 428 915 quies
452 838 607 916 quondam,
631 857 685 898 nec
709 837 803 897 stricti
825 837 914 896 lascis
936 839 1037 897 anethi

175 941 216 982 205
229 929 292 987 Nec
314 929 465 1004 lapathum
488 946 543 987 nec
565 933 632 987 ruta
654 927 754 987 virens
776 944 830 986 nec
853 928 1001 1004 raphanus
1023 946 1090 988 acer

229 1017 411 1094 Vrinamque
434 1017 527 1076 citans
550 1035 605 1076 nec
627 1017 734 1076 amaris
756 1016 849 1076 intiba
871 1016 961 1076 fibris.

229 1108 319 1165 Plura
340 1125 395 1165 nec
417 1107 567 1165 hortorum
589 1105 676 1166 iactat
698 1105 814 1164 cultura
836 1105 986 1181 Syrorum,

229 1196 286 1254 Hic
310 1215 397 1272 quarn
422 1195 566 1256 submittit
588 1196 699 1271 gremio
722 1195 771 1272 pia
792 1201 870 1254 terra
893 1195 1017 1255 recluso.

229 1285 313 1344 Adde
342 1285 420 1362 quod
443 1290 473 1343 et
495 1285 610 1343 Baccho
632 1286 706 1344 haee
729 1289 812 1360 grata
840 1284 878 1342 sit
900 1285 1017 1362 hospita
1039 1285 1140 1345 tellus:

175 1387 216 1430 aro
229 1374 286 1433 Hic
308 1374 402 1450 operit
424 1374 513 1433 eolles
536 1378 566 1432 et
587 1374 697 1433 vitibus
720 1380 804 1433 ornat
825 1374 940 1450 apricos
1077 1371 1079 1378 '

230 1464 456 1541 Pampineisque
479 1464 559 1522 iubet
581 1463 640 1522 late
661 1463 845 1522 frondescere
868 1462 951 1522 silvis

229 1553 365 1629 Vinaque
388 1553 510 1628 largitur
532 1552 660 1627 gravidis
684 1552 848 1620 Semeleius
871 1552 945 1626 uvis,

230 1641 334 1715 Qualia
355 1642 406 1700 vix
428 1642 515 1718 pleno
538 1642 632 1718 carpit
654 1642 692 1702 de
715 1641 834 1719 palmite
856 1641 976 1715 Lesbos,

230 1731 333 1804 Qualia
355 1737 492 1790 nectareo
515 1736 639 1808 possunt
661 1736 773 1791 certare
796 1731 917 1790 Falerno

175 1833 215 1875 215
230 1823 290 1880 Aut
312 1825 423 1880 certare
445 1821 512 1894 tuis,
535 1820 696 1880 clarissima
719 1820 805 1894 Setia,
829 1820 919 1879 cellis.

176 1921 252 1976 [nata]
267 1910 353 1969 Nunc
372 1929 419 1970 me
434 1915 511 2000 tecta
524 1915 630 1970 vocant
646 1915 704 1984 tua,
727 1910 807 1986 lips,
827 1928 907 1968 nunc
924 1909 1015 1970 ardna
1033 1911 1141 1969 celsam

229 2000 344 2059 Moenia
366 1999 510 2075 turrigero
533 1999 665 2059 tollentia
687 1999 797 2058 vertice
819 2000 953 2058 frontem.

230 2089 311 2162 Quae
334 2089 426 2148 facies
448 2088 551 2150 urbis?
581 2087 662 2161 Quae
684 2089 777 2146 forma
795 2091 859 2146 est?
887 2087 1004 2160 Quaeve
1019 2089 1141 2148 deorum

229 2178 383 2238 Culmina?
414 2177 522 2251 Quisve
545 2177 601 2236 loci
624 2177 747 2253 genius?
780 2176 860 2250 Quae
884 2181 974 2236 strata
996 2178 1128 2237 viarum?

175 2279 216 2322 220
230 2267 286 2342 Qui
309 2268 408 2326 cultus
430 2267 600 2326 hominum?
631 2266 744 2326 Felices
768 2267 864 2325 omine
887 2267 972 2341 laeto,

228 2356 341 2415 Felices
363 2356 475 2416 animas
497 2356 625 2432 inquam,
649 2373 724 2432 quae
747 2355 842 2415 sidere
865 2357 961 2415 lausto

228 2446 284 2505 His
307 2451 367 2504 tam
389 2445 524 2504 formosis
547 2445 675 2504 tribuere
699 2445 818 2504 exordia
840 2445 941 2505 muris.

229 2535 420 2611 Phosphorus
442 2541 476 2594 ut
498 2535 578 2594 caelo
601 2534 690 2593 micat
711 2535 789 2593 inter
812 2534 907 2594 sidera
929 2540 998 2611 toto,

229 2624 304 2684 Cum
327 2623 476 2683 matutinis
498 2625 609 2700 profert
632 2642 664 2683 se
685 2623 818 2683 roscidus
839 2624 927 2699 horis,

175 2724 214 2767 225
229 2713 270 2772 Vt
291 2714 380 2772 micat
402 2713 502 2772 electri
524 2713 682 2790 purissima
703 2713 812 2772 lamina
835 2713 906 2772 culti

228 2803 315 2862 quta
337 2802 468 2861 vulnifici
490 2802 637 2879 pugnacis
660 2802 770 2862 semina
792 2803 861 2862 ferri

227 2892 327 2969 thue
349 2892 427 2950 inter
448 2892 535 2950 flores
559 2909 665 2950 vernos
687 2893 719 2950 in
742 2892 894 2952 Chloridos
917 2893 1002 2951 horto

228 2981 300 3040 Plus
324 2981 435 3058 spargit
458 2977 584 3040 Veneris
606 2999 674 3040 rosa
696 2981 837 3058 sanguine
859 2981 951 3040 tincta
974 2981 1096 3057 decoris,

227 3070 269 3129 Vt
291 3070 416 3129 nitidum
439 3070 507 3147 plus
529 3071 608 3130 lucet
631 3071 712 3145 ebur,
736 3071 814 3148 quod
837 3070 952 3130 Tiburis
974 3090 1046 3130 aura

175 3171 215 3214 reo
228 3159 350 3236 Semper
372 3161 466 3234 habet,
489 3159 579 3219 micat
602 3165 635 3218 ut
657 3161 784 3220 conchae
807 3160 932 3219 candore
954 3161 1083 3220 marinae

228 3249 390 3326 Praecipue
413 3254 514 3326 partus
538 3253 688 3326 certatque
710 3255 745 3308 ut
766 3249 851 3310 lactis
873 3249 977 3309 honori

228 3338 360 3415 Plusque
379 3337 477 3414 placet
489 3339 609 3398 Parium
633 3357 721 3416 quarn
739 3343 835 3398 cetera
849 3357 993 3398 marmora
1008 3339 1139 3416 signum:

229 3427 285 3501 ste,
308 3427 377 3486 licet
400 3433 579 3503 exsuperent
600 3428 664 3486 auri
686 3428 858 3506 argentique
880 3429 998 3488 talentis

228 3516 338 3576 Multae
360 3516 448 3576 urbes
471 3517 560 3576 maris
583 3522 613 3576 et
634 3523 729 3576 terrae
751 3517 865 3577 dicione
887 3523 1029 3594 potentes,

175 3616 214 3660 235
228 3604 318 3666 Nulla
340 3605 400 3666 situ
421 3611 520 3666 tamen
542 3606 615 3666 haec
637 3607 757 3666 vincunt
779 3607 919 3685 cultuque
941 3614 1066 3668 venusto
