2770 4274
231 385 272 441 86
566 401 713 454 nvscmvs,
736 401 855 442 nmsrcx.

230 590 306 644 [sior]
320 578 443 650 Moenia,
466 579 518 637 sed
542 579 646 638 doctus
665 577 800 636 Veronae
822 579 900 638 fama
923 578 1057 638 Catullus

282 666 445 743 Vndivagis
467 673 502 727 ut
523 673 553 727 te
575 667 742 741 celebravit,
765 667 880 741 Sirmio,
903 667 998 742 term‘s,

282 757 331 816 Sic
353 761 400 815 est
421 758 567 816 formosus
589 757 662 833 Lips
684 757 772 816 urbes
794 757 872 816 inter·
894 757 1014 816 ocellus

282 846 380 906 Huius
402 865 491 923 quam
513 846 592 905 celso
615 850 797 921 consurgunt
818 864 926 921 aggere
949 847 1035 919 muri,

228 948 269 989 240
284 934 379 1008 Quam
401 935 524 1011 cingunt
546 935 658 994 crebris
680 935 823 994 munitam
845 935 975 994 tmribus
997 937 1113 995 urbem!

283 1024 377 1098 Quam
400 1024 458 1084 late
480 1030 638 1084 occurrunt
660 1024 740 1082 omni
763 1024 825 1083 sine
849 1023 934 1082 sorde
957 1023 1083 1101 plateae!

282 1114 340 1172 Hic
362 1114 502 1190 pulchros
525 1114 583 1172 alte
605 1113 722 1188 fastigia
744 1113 848 1172 tollere
871 1113 967 1172 cernis

281 1203 420 1280 Vndique
443 1207 474 1261 55
495 1208 618 1280 aequata
639 1202 798 1280 procedere
820 1203 915 1260 fronte
937 1207 1069 1279 penates.

281 1291 380 1351 Efficit
402 1291 434 1350 in
456 1291 553 1350 medio
576 1291 744 1368 spectabilis
767 1309 835 1350 area
856 1291 923 1350 visu

227 1392 267 1435 245
280 1381 485 1458 Planiciesque
508 1382 612 1454 lorum,
636 1380 715 1457 quod
738 1380 843 1440 dextra
865 1380 946 1440 ouria
968 1385 1052 1456 parte

282 1471 418 1546 Desuper
439 1470 584 1546 inspectat
607 1474 694 1528 coetu
717 1469 823 1546 stipata
846 1470 975 1528 verendo

282 1559 424 1633 Iustitiae,
446 1559 495 1618 cui
516 1577 587 1617 cura
609 1564 705 1632 tenax,
729 1559 778 1618 cui
800 1576 887 1618 verus
910 1559 1026 1618 honesti

280 1649 377 1707 Ardor
398 1649 476 1707 inest
497 1647 586 1706 animi
608 1653 697 1724 atque
720 1665 775 1706 usu
798 1647 954 1725 prudentia
976 1648 1063 1724 longo

281 1737 400 1797 Nutrita
423 1743 453 1796 et
476 1737 570 1795 virtus
592 1737 675 1795 nullo
696 1754 755 1795 non
778 1735 905 1796 carmine
927 1737 1024 1812 digna.

227 1838 267 1881 255
281 1827 374 1901 Quem
396 1827 478 1886 iuvat
500 1831 530 1886 55
551 1826 654 1903 populi
676 1843 772 1884 mores
794 1826 905 1900 audim,
928 1825 1050 1886 docebo:

281 1917 338 1975 llle
360 1921 476 1993 patrum
501 1915 635 1992 sequitur
658 1914 789 1974 studium
813 1915 963 1992 sanctique
987 1921 1114 1990 senatus,

283 2005 338 2064 list
360 2005 504 2081 placidus,
528 2004 665 2077 clemens,
688 2004 833 2078 adfabilis,
856 2005 979 2080 integer,
1001 2011 1088 2081 aptus

280 2095 420 2170 Ingeniis,
443 2094 527 2153 vultu
551 2094 683 2170 pulcher,
706 2111 761 2152 nec
783 2099 866 2152 veste
889 2111 943 2152 nec
966 2112 1015 2152 ore

280 2184 435 2257 Barbarus,
458 2184 489 2242 in
513 2183 594 2242 victu
615 2183 736 2255 nitidus,
760 2183 813 2241 sed
836 2183 952 2242 sobrius
975 2183 1036 2242 odit

227 2284 267 2326 255
281 2273 358 2332 Vota
379 2273 465 2349 gulae
488 2278 519 2332 55
541 2272 625 2330 nimii
648 2272 767 2330 damnat
790 2271 963 2330 commercia
984 2272 1075 2331 luxus

228 2373 311 2428 [satjai
330 2361 393 2421 Nec
417 2363 491 2421 solet
513 2362 619 2437 ignavo
642 2360 725 2420 luces
747 2360 947 2420 transmittere
970 2379 1071 2420 somno

282 2449 344 2510 Neo
367 2469 472 2510 sensus
495 2451 633 2510 hebetare
656 2468 736 2509 mero
760 2455 950 2526 ventremque
973 2451 1084 2526 saginis

280 2540 413 2600 Tendere
436 2557 491 2599 nec
513 2539 582 2598 ludo
605 2539 727 2598 foedare
749 2539 871 2598 libidine
894 2538 977 2598 solvi.

282 2629 423 2704 Indulget
446 2635 544 2688 tamen
566 2628 724 2702 interdum,
748 2645 815 2687 cum
837 2634 969 2705 tempora
991 2634 1117 2705 poscunt

227 2731 267 2773 aco
279 2719 435 2778 Laetitiae:
459 2737 527 2777 cum
550 2735 639 2777 causa
660 2721 766 2790 monet,
790 2734 858 2776 cum
882 2717 986 2776 suadet
1008 2718 1153 2795 honestae,

281 2808 356 2866 'lum
380 2808 437 2867 coit
459 2807 594 2867 excussis
617 2824 737 2866 concors
760 2805 868 2865 vicinia
890 2806 976 2866 curis.

279 2897 418 2974 Explicat
439 2902 469 2956 et
490 2898 618 2956 frontem
640 2895 718 2954 risus
741 2913 895 2972 sermoque
917 2895 1076 2970 modestus,

279 2987 443 3064 Dulciaque
465 2985 597 3045 unanimi
620 2984 717 3045 studio
740 2984 873 3044 convivia
894 2987 1017 3044 fervent.

279 3074 370 3136 Nulla
392 3076 454 3135 dies
477 3075 549 3134 alias
573 3074 666 3134 sterili
688 3074 871 3133 consumitur
893 3092 958 3149 usu,

226 3178 266 3220 265
280 3165 391 3225 Intenti
414 3165 466 3224 sed
489 3182 563 3241 opus
586 3163 697 3223 faciunt
720 3181 885 3240 segnesque
907 3168 1043 3223 coercent

279 3254 503 3331 Emendantque
525 3271 621 3313 mores
644 3270 699 3311 nec
722 3257 851 3328 tempora
876 3271 959 3312 cassa
981 3253 1079 3312 labore

279 3344 428 3420 Effugisse
451 3343 553 3403 sinunt
575 3341 712 3418 omnique
735 3341 870 3417 expertia
891 3342 997 3400 fructu.

274 3433 422 3511 Quodque
445 3433 540 3508 magis
562 3431 678 3490 laudes:
702 3435 787 3490 natos
809 3431 984 3490 adsuescere
1007 3439 1119 3507 parvos

280 3521 392 3582 Officiis
424 3527 624 3600 quantumque
647 3520 746 3579 valent
768 3519 806 3578 ad
828 3520 951 3580 honesta
973 3526 1111 3580 vocantes

225 3612 426 3673 aroErudiunt
447 3617 477 3673 et
499 3631 556 3690 qua
578 3609 694 3670 vioirms
716 3613 799 3686 parte
821 3608 975 3683 iuvandae,
