2770 4274
228 339 269 398 24
535 357 676 413 rosanus,
699 356 875 397 uoumuaes.

227 545 279 598 [dja]
303 532 380 592 Nam
404 534 502 592 scelus
525 551 666 592 ausurum
689 538 768 592 vetat
791 533 883 592 ultrix
905 551 999 610 poena
1021 532 1110 592 feroci

279 622 387 681 Addita
409 622 596 698 praescripto,
620 622 756 698 quoniam
781 627 849 680 sunt
872 622 965 680 multa
987 621 1130 680 malorum

278 711 360 770 Milia
381 727 437 770 nec
458 716 538 769 tanto
560 711 591 769 in
613 711 721 788 populo
744 711 808 770 sine
829 711 946 786 legibus
969 729 1099 787 unquam

225 812 266 854 445
280 799 461 859 Transierfnt
483 800 556 858 istae
580 800 643 859 sine
666 799 757 859 caede
779 804 810 858 et
833 800 974 875 sanguine
997 800 1099 858 turbae

279 889 370 948 Extra
392 889 549 965 praecipue
572 889 737 947 cohibentia
760 889 874 947 moenia
897 893 1003 948 sontes.

324 976 402 1051 Quid
425 995 592 1050 memorem,
616 978 752 1054 quotiens
774 978 890 1036 levibus
913 983 1024 1036 certare
1048 976 1163 1052 sagittis

279 1065 435 1140 GonIihnit,
459 1085 546 1142 quam
569 1066 691 1143 pulchra
712 1067 810 1125 locum
832 1070 915 1125 notet
936 1084 1003 1124 area
1026 1066 1137 1124 circum

280 1155 387 1214 Clausa
409 1155 494 1213 novis
516 1155 657 1228 trabibus,
680 1173 755 1232 quae
778 1155 876 1214 nullae
899 1155 1026 1230 desuper
1048 1155 1168 1212 umbrae

225 1255 266 1297 rso
279 1243 452 1320 impediant,
477 1262 564 1320 quam
587 1244 720 1302 colliculo
744 1249 802 1303 stet
823 1243 940 1302 condita
962 1242 1052 1302 turris

279 1332 409 1391 Editiore
432 1350 554 1408 scopmn
576 1333 726 1392 retinens?
756 1332 831 1390 Turn
856 1333 880 1390 si
903 1351 961 1408 qua
983 1331 1128 1408 frequenti

280 1421 345 1480 Sint
368 1426 450 1494 state„
475 1421 551 1480 siout
575 1439 661 1498 saepe
685 1422 788 1495 solent,
812 1421 970 1480 certamina
992 1421 1070 1494 ludo,

279 1510 363 1569 Picta
385 1510 585 1569 toreumaticis
609 1515 741 1568 statuunt
762 1510 887 1568 tentoria
911 1509 1004 1585 signis

279 1598 316 1657 In
338 1599 468 1657 medium
491 1599 630 1658 adversae
653 1604 753 1657 eontra
776 1598 927 1674 signacula
949 1605 1052 1671 metae,

226 1700 266 1742 455
281 1687 367 1746 Vnde
391 1693 499 1763 queant
521 1688 649 1763 positum
672 1687 776 1745 iaculis
799 1687 970 1762 contingere
994 1687 1105 1745 circum

280 1775 346 1834 Non
369 1794 436 1834 orae
459 1780 573 1834 tantum
596 1776 777 1852 Pegnesidos
800 1777 899 1835 accola
921 1775 1003 1849 civis,

280 1864 393 1923 Verum
415 1865 505 1923 etiem
527 1865 650 1924 veniens
673 1864 738 1922 aliis
762 1883 801 1923 ex
823 1865 943 1924 urbibus
966 1864 1083 1941 hospes.

324 1953 461 2012 Vidimus
484 1954 540 2012 hoc
563 1954 651 2012 etiam
674 1971 795 2028 magnos
819 1953 978 2012 certamine
1001 1970 1096 2028 reges,

280 2042 417 2100 Vidimus
442 2043 544 2101 heroas
568 2043 662 2101 claros
684 2043 820 2119 famaque
843 2043 986 2119 superbos

225 2143 266 2184 reo
280 2131 438 2191 Decertare
462 2132 552 2190 duces
574 2131 606 2189 in
626 2131 742 2190 amoeni
764 2131 887 2207 pulvere
910 2131 995 2207 prati,

279 2219 360 2279 Prati
383 2220 560 2278 carminibus
583 2221 691 2279 nostris
713 2238 793 2278 nunc
815 2220 974 2293 nobilioriS,

280 2308 374 2382 Quam
397 2309 446 2367 vel
468 2309 669 2384 praestiterint
691 2309 780 2368 variis
803 2314 847 2368 tot
869 2309 986 2367 saecula
1009 2308 1088 2366 ludis

280 2398 338 2457 Vel
360 2403 508 2474 pmestare
531 2403 619 2474 queat
642 2399 772 2457 venturis
795 2397 856 2456 ulla
879 2398 982 2456 diebus

280 2488 450 2563 Aequatura
472 2487 542 2545 licet
563 2487 678 2562 regales
701 2505 807 2563 pompa
830 2487 1003 2562 triumphos.

271 2776 273 2782 ,
343 2729 398 2784 [dib]
422 2717 515 2776 Laus
538 2716 639 2776 urbis
662 2737 680 2776 a
702 2717 893 2776 elementia
915 2717 1015 2776 caeli.

227 2853 267 2895 ros
326 2840 403 2914 Quid
426 2842 505 2918 quod
527 2860 586 2900 non
607 2842 694 2900 aliam
718 2841 888 2901 clementior
910 2841 987 2900 aeris
1010 2841 1111 2899 urbem

281 2930 408 3006 Spiritus
430 2931 567 2989 adflavit?
597 2929 660 2989 Nec
682 2931 761 2989 enim
785 2931 982 3007 pulcherrima
1006 2947 1075 2989 sano

280 3019 442 3078 Aedificata
464 3019 529 3079 loco
552 3019 688 3078 vitiantes
711 3020 818 3096 accipit
840 3025 954 3078 austros

282 3109 410 3185 Corpora
432 3109 540 3182 letiferi
562 3109 714 3186 pereuntia
737 3110 803 3168 tabe
826 3107 931 3167 veneni

282 3197 414 3274 Saepius,
437 3203 471 3256 ut
493 3199 570 3256 fama
592 3204 638 3256 est
660 3198 779 3257 vinosae
802 3197 918 3255 moenia
940 3196 1029 3256 Lesbi

228 3299 269 3342 470
283 3287 397 3346 Artifici
420 3291 568 3346 structura
591 3305 721 3362 operum,
745 3286 799 3345 sed
821 3285 936 3362 pestilis
959 3303 1046 3344 aurae

281 3375 402 3452 Inlapsu
426 3376 559 3450 fundata3
584 3376 636 3434 sed
659 3377 735 3434 hano
757 3393 853 3452 neque
876 3375 998 3450 pestifer
1020 3373 1100 3433 ullus

280 3465 445 3523 Ventorum
467 3463 610 3538 contingit
632 3465 712 3537 odor,
735 3465 804 3541 quia
827 3464 901 3522 dura
924 3463 1048 3522 salubris

280 3553 418 3613 Possidet
439 3572 509 3612 arva
533 3553 595 3626 soli,
618 3553 697 3630 quod
720 3571 774 3612 nec
796 3553 910 3629 fregere
933 3553 1080 3628 palustres
