2760 4200
232 380 271 438 10
540 397 679 453 11111111,
702 397 879 439 romanon.

281 574 415 651 Denique
438 575 463 633 si
486 574 631 652 quaedam
654 575 824 650 vulgaribus
847 575 925 634 edita
947 575 1055 634 chartis

282 663 406 723 Sordida
429 670 460 722 et
481 663 512 721 in
535 663 629 722 triviis
652 664 806 740 praeconia
828 669 896 722 nata
918 665 1052 723 feruntur

282 754 309 810 A
331 753 500 829 populoque
523 752 581 828 legi
603 753 720 811 laudato
744 752 832 828 digna
853 753 998 827 videntur,

284 840 344 899 Cur
366 859 431 899 mea
453 859 606 900 mansuras
629 841 820 900 memorantis
842 841 969 900 earmina
991 841 1095 900 laudes

237 942 264 984 55
283 929 409 989 Credere
432 930 558 988 laudatis
581 932 727 989 metuam?
751 929 811 989 Cur
833 930 858 989 si
882 949 940 1006 qua
962 929 1077 1006 placere
1195 929 1196 934 ’

283 1017 426 1095 Tempore
450 1019 558 1095 scripta
581 1025 691 1094 queant
712 1019 769 1078 isto
793 1018 954 1078 redolentia
976 1019 1085 1092 Musas,

281 1106 327 1166 Ne
350 1125 415 1166 mea
438 1124 495 1165 non
518 1107 660 1184 placeant,
683 1110 801 1167 verear?
825 1106 898 1181 Quis
921 1107 1045 1184 denique
1068 1113 1172 1166 tantus

282 1195 327 1255 Sit
349 1196 444 1272 pudor
466 1197 576 1271 ingenii
599 1196 654 1255 sibi
677 1197 859 1270 confidentis,
883 1202 915 1255 ut
937 1197 1028 1256 istum

282 1285 409 1344 Credere
432 1285 611 1344 laudandum
634 1303 692 1344 non
714 1285 820 1345 audeat
843 1303 909 1345 9119
932 1287 1061 1344 laborem

236 1386 263 1428 cc
281 1373 427 1432 Eximiam
449 1373 561 1433 meritis
584 1373 723 1433 celebrari
745 1374 880 1434 laudibus
903 1375 1013 1447 urbem,

280 1463 441 1538 Praecipue
464 1481 532 1521 cum
556 1463 623 1537 sint,
647 1463 698 1540 qui
721 1463 802 1522 nulla
824 1463 910 1522 laude
932 1463 1067 1522 ferendas

280 1551 339 1610 Res
362 1551 510 1611 celebrent
533 1557 563 1610 et
586 1571 692 1627 magna
715 1553 796 1628 gravi
819 1552 974 1629 praeconia
996 1569 1086 1610 versu

282 1639 399 1699 Vilibus
422 1640 549 1699 adiciant
571 1641 653 1698 nullo
676 1641 852 1715 discrimine,
875 1641 945 1698 dum
969 1659 1001 1700 se

282 1729 422 1788 Venditat
443 1729 582 1804 ignavum
605 1747 700 1804 genus
723 1731 778 1789 hoc
800 1736 831 1789 et
853 1730 969 1788 nomina
993 1728 1109 1806 spirans

237 1831 264 1872 oo
282 1817 389 1894 Magna
413 1835 498 1876 suum
521 1818 616 1877 titulis
639 1818 741 1877 alienis
765 1824 862 1895 captat
885 1819 1031 1877 honorem.

282 1906 351 1983 lpse
373 1907 447 1965 nihil
470 1908 564 1966 famae
586 1906 711 1966 ludibria
733 1925 809 1966 vana
831 1913 961 1966 moratus

283 1995 441 2054 Commoda
464 2013 532 2054 vera
556 2013 669 2072 sequar,
693 2014 768 2072 quae
790 2015 861 2056 vera
883 1996 970 2055 laude
993 2001 1132 2054 canentes

280 2084 378 2159 Digna
401 2085 485 2160 sequi
508 2085 583 2144 solet
604 2090 634 2143 et
657 2103 806 2162 nunquam
835 2103 903 2161 spes
925 2085 1027 2144 fallere
1050 2085 1199 2143 honestas,

325 2173 412 2232 Nunc
435 2173 508 2231 mihi
530 2173 636 2232 dexter
658 2173 737 2247 ades,
761 2174 853 2233 sancti
877 2191 960 2232 sacer
983 2173 1053 2232 ordo
1067 2178 1200 2246 senatus,

237 2275 263 2318 70
283 2261 339 2336 Qui
363 2262 442 2338 regis
465 2262 596 2339 aequatis
619 2263 793 2339 populosam
815 2263 929 2338 legibus
952 2264 1054 2321 urbem

281 2351 406 2410 Noridos
429 2351 602 2426 Hercyniae,
626 2351 719 2410 multa
742 2370 830 2429 quam
852 2352 947 2410 flavus
969 2352 1079 2410 harena

281 2439 320 2499 Et
342 2440 458 2517 placido
481 2440 610 2499 mediam
631 2441 786 2516 Pegnesus
809 2440 929 2500 flumine
953 2439 1067 2514 scindit,

240 2539 294 2594 [ajo]
318 2529 386 2588 Huc
408 2529 479 2588 ades
501 2535 531 2588 et
553 2529 684 2605 placidas
711 2547 797 2588 aures
825 2534 1013 2606 mentemque
1041 2528 1200 2604 benignam

281 2618 425 2678 Versibus
447 2618 494 2677 his
516 2617 630 2691 adhibe,
653 2636 691 2677 ne
714 2618 806 2677 nostri
830 2635 944 2676 summa
966 2618 1074 2677 laboris

236 2719 262 2761 ao
281 2707 365 2766 Vana
389 2707 427 2766 sit
449 2713 480 2766 et
502 2707 615 2765 nullum
639 2707 702 2766 sine
725 2713 755 2766 te
779 2712 924 2766 mereatur
946 2708 1093 2766 honorem.

472 2867 581 2926 Vrbis
603 2865 825 2942 Noribergae
849 2867 951 2926 situs.

324 2972 379 3032 Est
401 2973 492 3046 locus,
515 2973 664 3049 Hercynio
688 2992 746 3050 qua
769 2991 801 3033 se
825 2973 980 3033 Germania
1003 2973 1080 3033 saltu

282 3061 434 3120 Contrahit
459 3068 489 3121 et
511 3063 594 3121 velut
619 3063 650 3122 in
673 3068 807 3122 centrum
830 3063 900 3136 coit,
923 3062 1054 3139 undique
1078 3063 1200 3122 clausus

281 3150 436 3227 Perpetuis
459 3169 613 3210 nemorum
637 3151 727 3210 densa
749 3142 926 3228 compagine
945 3151 1026 3210 silvis

281 3239 316 3296 In
341 3257 407 3298 sese
429 3246 490 3299 toto
513 3245 610 3299 tractu
632 3240 821 3300 redeuntibus
844 3241 924 3317 ipsas

236 3341 263 3382 so
280 3327 492 3406 inclusumque
514 3347 590 3404 vago
613 3347 701 3388 cursu
724 3329 898 3388 facientibus
921 3331 1019 3388 orbem

168 3437 170 3442 ·
280 3416 362 3476 Milia
384 3436 478 3494 pauca
502 3418 619 3494 quidem
643 3417 754 3477 circum
777 3423 949 3495 aequaque
972 3423 1131 3494 patentem,

282 3501 340 3566 Sed
363 3506 457 3576 sterili
479 3511 573 3566 totum
597 3507 698 3566 sabulo
720 3506 845 3566 infelicis
868 3508 994 3566 harenae

282 3595 473 3672 Squalentem
496 3614 593 3673 neque
616 3595 726 3654 divitiis
749 3596 910 3656 cerealibus
933 3602 1044 3672 aptum.
