2770 4274
482 383 622 439 0000000,
645 383 821 424 romanaet.
1088 365 1128 423 23

216 561 295 618 Aura
318 565 423 634 movet,
448 560 524 619 serie
547 578 620 638 quas
643 579 710 618 area
731 560 818 636 longa
841 565 982 637 quaterna

218 647 354 708 Continet
375 649 535 726 impositas,
559 667 647 726 quam
670 655 759 708 totam
783 649 953 724 ingentibus
975 647 1086 708 umbris

216 737 312 797 Paene
334 743 439 812 tegunt
463 738 657 815 gravidosque
685 738 783 796 levant
807 737 999 796 subeuntibus
1021 742 1129 795 aestus.

166 837 203 878 410
258 827 316 885 Hio
339 845 455 904 quoque
478 827 628 902 conspicui
650 832 711 886 tres
735 833 814 886 secto
835 845 851 885 e
869 833 1013 885 marmore
1034 827 1129 884 fontes

215 915 249 973 In
272 934 343 974 cava
367 915 518 992 supposita
541 934 595 974 ceu
618 916 788 992 baptisteria
809 915 900 974 labris

215 1004 329 1062 Aeratis
351 1005 479 1080 gelidam
501 1005 604 1064 tudere
628 1005 778 1064 canalibus
800 1005 919 1076 undam,

216 1094 311 1169 Atque
334 1093 375 1151 ita
398 1094 452 1152 sub
476 1093 562 1152 calidi
585 1094 655 1152 solis
679 1094 844 1152 sitientibus
866 1097 949 1151 aestu

216 1182 311 1240 Aerea
333 1182 503 1256 largifluum
526 1183 670 1240 suffundit
692 1181 791 1240 fistula
813 1199 908 1239 rorem

164 1281 202 1323 415
216 1270 287 1328 Tam
310 1271 448 1346 gelidum,
472 1289 560 1347 quam
583 1271 608 1329 si
631 1271 755 1329 brumali
778 1270 887 1344 frigore
910 1275 1016 1343 manet,

165 1368 239 1423 [cuitu]
261 1359 332 1417 Tam
355 1359 508 1436 liquidum,
532 1378 620 1436 quam
644 1359 807 1418 Bandusiae
829 1359 868 1418 sit
886 1359 997 1417 0110000
1017 1359 1129 1417 humor.

216 1447 376 1507 Castalium
399 1449 479 1507 dicas
502 1449 612 1507 iontem
635 1454 686 1507 aut
707 1447 910 1524 Aganippidos
934 1448 1028 1506 undae

214 1536 282 1595 Huc
303 1537 430 1613 aliquam
453 1537 540 1595 tacito
564 1538 703 1596 delatam
712 1538 833 1595 flumine
856 1555 969 1610 venam,

216 1625 247 1684 Si
269 1626 356 1684 modo
380 1626 439 1685 sint
457 1627 567 1701 Musae,
591 1645 666 1703 quae
689 1625 797 1685 Norica
814 1626 934 1683 flumina
956 1630 1066 1701 potent.

163 1725 202 1767 420
216 1712 399 1790 Quamquam
422 1720 491 1773 sunt
513 1715 614 1788 etiam,
643 1716 696 1774 sed
724 1733 777 1773 nos
805 1715 909 1773 decora
931 1714 1032 1773 inclita
1053 1713 1130 1790 prati

215 1803 358 1862 Convenit
380 1804 483 1862 Allerii
505 1805 593 1879 nugis
616 1805 759 1862 deducere
782 1803 907 1862 omissis

214 1892 300 1950 Parte
323 1893 401 1968 quod
424 1913 441 1951 a
463 1893 546 1952 10000
568 1893 725 1969 tranquillo
748 1892 877 1968 cingitur
898 1892 985 1965 amni,

215 1980 345 2039 Dextera
368 1981 442 2040 00110
465 1982 542 2040 viret
564 1982 677 2040 modico
700 1981 863 2058 leviterque
886 1981 1044 2039 remissum

214 2069 250 2127 In
273 2070 382 2128 clivum
407 2077 553 2145 surgente,
577 2071 630 2128 sed
653 2070 745 2129 hortis
768 2070 978 2145 arboribusque

161 2169 200 2211 425
214 2158 250 2215 In
273 2159 400 2234 speciem
424 2160 551 2218 nemoris
574 2159 695 2233 cultum,
719 2159 825 2235 quibus
848 2159 1033 2217 involitantes

214 2246 347 2306 Vernant
369 2253 490 2323 argutae
514 2248 648 2306 volucres
672 2254 702 2306 et
724 2248 845 2306 vocibus
868 2265 954 2306 auras

214 2335 381 2394 Dulcisonis
404 2336 541 2408 mulcent,
565 2355 618 2394 seu
640 2337 777 2395 Phoebus
800 2355 885 2394 mane
907 2353 1063 2394 renascens

214 2425 326 2482 Infudit
348 2427 435 2484 rebus
458 2444 546 2502 quem
568 2444 627 2484 nox
650 2426 717 2484 tulit
739 2431 802 2484 atra
824 2425 960 2498 colorem,

216 2513 275 2572 Seu
299 2532 367 2572 cum
391 2532 505 2572 summa
528 2520 615 2588 tenet,
639 2533 783 2573 seucum
807 2515 880 2590 petit
902 2514 1005 2572 ultima
1027 2513 1101 2572 00011

162 2614 201 2656 430
214 2601 331 2661 Limina
353 2603 516 2662 Atlantiaco
538 2604 683 2662 tinctums
705 2603 736 2660 10
759 2621 883 2679 aequore
906 2622 1033 2661 currum.

213 2690 269 2750 Ille
292 2691 375 2750 locus
398 2710 547 2768 nunquam
570 2698 655 2750 vacat
677 2698 728 2751 aut
750 2692 894 2750 consortia
917 2692 1025 2767 nescit;

214 2780 281 2839 Non
304 2787 401 2839 tamen
425 2788 520 2858 usque
543 2781 616 2840 adeo
639 2781 717 2857 capit
740 2781 931 2848 immoderata
955 2780 1089 2856 voluptas

213 2868 276 2927 Ista
298 2869 355 2927 1001
376 2873 472 2946 neque
495 2870 538 2928 sic
561 2888 657 2928 mores
681 2870 787 2928 evertit
809 2870 955 2942 honestos,

214 2957 256 3016 Vt
278 2957 436 3034 quiequam
459 2959 509 3017 vei
530 2965 616 3034 turpe
639 2965 742 3034 gerant
764 2958 812 3017 001
834 2958 939 3017 inertia
961 2962 1088 3017 tractent

163 3058 201 3100 435
216 3043 282 3104 Otia
305 3047 407 3106 civiles
430 3066 484 3106 nec
506 3047 692 3123 respicientia
714 3047 804 3122 leges,

216 3133 400 3212 Quicumque
422 3136 479 3196 ista
502 3137 603 3195 colunt
624 3136 693 3200 laeti
716 3135 851 3194 viridaria
873 3135 958 3212 prati.

214 3223 278 3282 Nec
300 3225 457 3301 quisquam
480 3226 517 3284 de
540 3231 583 3284 tot
606 3227 783 3284 subeuntum
805 3225 923 3283 milibus
945 3243 1076 3301 unquam

213 3312 314 3388 iurgia
335 3315 469 3374 funestae
491 3315 583 3382 movit
605 3314 748 3373 discordia
771 3332 903 3391 pugnae:

215 3401 326 3460 Tantus
348 3421 429 3461 amor
451 3404 568 3480 populo,
591 3409 652 3462 tam
674 3422 744 3462 eura
767 3409 813 3462 est
836 3403 939 3462 sedula
961 3403 1050 3480 pacis,

161 3503 200 3545 440
217 3490 288 3550 Tam
311 3492 432 3550 fundata
455 3492 537 3551 bonis
560 3492 715 3552 concordia
736 3492 853 3568 legibus
876 3493 978 3551 haeret

215 3578 356 3639 Omnibus
379 3580 561 3655 inconeussa,
585 3599 639 3640 nec
662 3586 707 3640 est
730 3581 781 3657 qui
805 3581 919 3640 solvere
942 3585 1047 3656 tentet,
