2770 4274
508 388 652 445 ersomvs,
675 389 794 431 urrsmn.

219 567 258 626 Et
280 567 389 626 feriunt
410 567 518 626 teneris
541 567 616 626 rada
638 567 811 628 tralucentia
834 568 949 644 plantis.

220 657 256 714 In
278 657 354 715 tales
377 656 452 715 solvi
474 656 584 731 latices,
610 657 634 716 si
657 657 750 716 tristis
773 657 919 716 inundes

220 745 466 804 Translormanda
487 746 551 819 fuit,
574 746 696 821 legisset
720 746 801 822 regia
823 747 918 805 Dirce.

219 834 281 893 Has
304 834 393 894 etiam
416 835 529 912 Alpheo
552 835 656 894 Pisaea
678 837 825 895 Arethusa
847 835 950 894 relicto

175 936 201 977 oo
220 925 402 983 Permutaret
424 942 515 1001 aquas
538 931 568 983 et
590 925 637 983 cui
661 943 692 983 se
715 924 838 1001 pulcher
859 926 981 1002 Anapus

219 1013 324 1072 Miscet
347 1013 503 1072 Trinacriis
527 1020 556 1072 et
578 1013 679 1072 mallet
701 1014 824 1073 flumina
845 1014 984 1091 lymphis.

219 1102 285 1162 Huc
307 1103 378 1162 Acis
401 1103 491 1162 vellet
514 1103 620 1179 spretis
642 1122 797 1180 properare
820 1103 941 1177 Sicanis,

218 1191 257 1250 st
280 1191 398 1251 Galatea
422 1210 490 1250 suos
513 1192 629 1267 fugiens
652 1199 823 1269 sequeretur
844 1209 966 1266 amores

218 1281 303 1341 Illam
326 1280 487 1340 Nereidum
510 1281 540 1339 ni
563 1281 680 1340 caerula
702 1283 787 1340 turba
810 1299 950 1355 sororum,

174 1383 201 1425 ro
218 1370 305 1429 Hunc
327 1371 467 1430 retineret
489 1389 590 1430 amans
613 1371 706 1429 niveis
730 1369 850 1429 Galatea
872 1371 998 1430 lacertis

218 1459 280 1519 Nec
302 1466 416 1519 tantum
439 1460 554 1518 blandis
577 1459 684 1537 piscosi
706 1459 836 1518 fluxibus
858 1477 961 1518 amnes

218 1548 379 1626 Appellunt
401 1549 524 1626 Lipsim,
547 1554 630 1625 potes
653 1549 702 1607 bio
724 1548 853 1624 ingentia
876 1549 960 1607 iuxta

218 1639 332 1697 Moenia
355 1644 386 1697 et
408 1639 520 1713 ingenti
543 1638 653 1697 vivaria
676 1656 794 1697 cernere
818 1643 937 1715 sumptu

218 1727 333 1786 Effossa
356 1733 386 1786 et
408 1727 492 1786 dives
514 1727 565 1785 u'x
588 1728 684 1804 qualia
706 1729 800 1786 fertur
822 1727 910 1787 Orata

174 1830 200 1873 rs
220 1819 279 1875 Aut
301 1817 438 1876 babuisse
461 1816 546 1891 gulae
569 1822 637 1893 post
659 1818 737 1875 hunc
760 1817 918 1876 studiosior
940 1816 1053 1890 Hirrus

175 1918 241 1972 [nvn]
267 1905 323 1980 Qui
346 1924 532 1965 murenarum
556 1906 603 1964 six
626 1905 706 1964 milia
727 1912 830 1964 mutus
852 1905 933 1964 cenis

219 1995 352 2054 Caesaris
374 1995 522 2072 appendit,
545 1995 592 2053 uel
615 1995 666 2071 qui
690 1994 800 2054 vivaria
821 1994 922 2052 Baulis

218 2085 335 2144 Baianis
358 2085 459 2144 habuit
482 2085 576 2143 vicina
598 2083 772 2143 Hortensius
795 2084 890 2142 undis.

218 2174 362 2251 Aequoris
385 2174 457 2232 haec
479 2173 573 2232 instar
594 2173 729 2231 mirantia
750 2172 862 2231 lumina
884 2173 996 2232 lassant

163 2275 200 2317 -so
219 2263 328 2338 Stagna
350 2264 490 2339 velutque
512 2268 615 2339 patens
638 2280 718 2320 mare
740 2262 821 2337 largo
843 2261 928 2320 litora
949 2261 1073 2320 tendunt

218 2352 348 2411 Circuitu
372 2358 402 2412 et
424 2352 536 2428 liquido
558 2351 617 2411 late
641 2351 702 2409 sola
724 2369 820 2410 mersa
842 2351 986 2427 profundo

217 2442 374 2518 Aspiciunt
396 2442 535 2518 nullaque
559 2441 640 2499 sinus
663 2459 680 2498 a
702 2446 786 2516 parte
809 2445 949 2499 coercent.

218 2531 260 2590 'le
283 2531 402 2589 Larium
426 2536 557 2607 spectare
580 2535 666 2606 putes
689 2535 719 2588 et
741 2547 830 2588 rauca
852 2529 977 2588 cientem

217 2620 369 2678 Murmura
392 2620 550 2692 Benacum,
573 2619 687 2694 magnis
709 2624 740 2677 et
761 2619 887 2678 molibus
909 2618 1008 2693 ipsum

173 2721 199 2762 85
217 2708 312 2768 Nerea
334 2709 496 2767 Lucrinum
518 2708 678 2785 pellentem
701 2707 843 2784 Lydeque
867 2707 955 2765 Tusci

217 2799 320 2873 Regna
341 2798 423 2856 lacus
446 2798 592 2874 quondam
614 2797 720 2856 misero
744 2798 886 2873 tepefacta
909 2814 1012 2854 cruore

218 2886 353 2947 Consulis
376 2893 406 2946 et
427 2887 532 2962 Lybici
555 2904 692 2963 possessa
714 2887 812 2945 lurore
834 2885 960 2960 tyranni.

217 2975 304 3035 Nunc
326 2995 413 3053 quem
437 2975 584 3035 delectant
607 2976 698 3034 silvae
721 2975 916 3034 nemoralibus
938 2975 1050 3034 umbris

218 3065 386 3125 Condensae
408 3071 438 3124 et
461 3065 565 3142 spissis
588 3083 703 3124 ramosa
725 3064 876 3124 cacumina
898 3064 1009 3137 lustris,

172 3167 198 3208 ao
217 3155 330 3214 Fleotat
352 3155 382 3213 in
406 3173 541 3214 occasum
565 3154 735 3231 devexaque
759 3154 854 3212 sidera
876 3152 991 3212 vultum

217 3244 255 3303 Et
275 3243 377 3302 lucum
395 3244 528 3321 aspiciet,
552 3261 609 3319 quo
633 3261 691 3301 non
713 3248 759 3301 est
781 3243 900 3302 densior
922 3243 983 3316 Ida,

216 3333 282 3392 Non
305 3333 425 3392 Dodona
446 3333 527 3392 Iovis
550 3332 666 3390 Phariis
689 3332 836 3390 celebrata
858 3331 1009 3405 columbis,

216 3423 283 3482 Non
305 3440 410 3480 nemus
433 3421 595 3499 Hippolyti,
619 3421 703 3481 Silari
726 3439 780 3480 nec
802 3421 947 3498 plurimus
969 3422 1072 3480 umbra

217 3512 317 3570 Lucus
340 3517 370 3570 et
392 3511 515 3570 Albumi
537 3511 606 3586 iuga
628 3510 849 3570 frondosissima
871 3511 985 3569 montis.

172 3613 199 3656 os
216 3601 301 3660 Hanc
324 3600 419 3660 vicina
442 3600 547 3659 sedens
570 3599 657 3676 longo
679 3599 752 3676 Lips
775 3600 875 3658 ordine
899 3599 1003 3658 silvam

217 3720 266 3763 Lat.
281 3719 488 3762 Littornturdenkm.
504 3719 537 3760 12.
952 3703 969 3756 6
