2770 4274
228 385 269 444 50
537 399 679 453 nousnvs,
702 399 878 440 1155155551.

297 577 442 637 Naiadum
467 578 582 650 chorus,
606 581 636 635 et
659 593 754 652 nuper
777 594 893 653 quoque
916 579 1016 634 nostra
1038 580 1155 636 secutae

297 667 432 726 Pierides
454 666 581 741 vestigia
603 665 766 724 conluduut
789 664 876 724 simul
899 665 984 724 ultro.

227 769 280 812 1255
298 757 365 815 Heu
388 755 457 832 quia
478 761 540 814 tam
562 754 719 831 pulchrum
742 754 834 813 decus
856 759 886 812 et
908 754 977 830 quia
995 752 1103 829 gaudia
1120 756 1225 812 151115Ι

298 846 450 904 Deformat
472 843 604 919 glacialis
626 843 721 902 hiems
744 861 797 919 pro
819 842 940 902 floribus
963 843 1049 902 almis

300 934 449 1010 Spargens
472 933 679 1009 Sithoniasque
702 933 786 990 nives
809 931 982 1008 gelidasque
1005 931 1139 1008 pruinas!

542 1164 647 1222 Horti
671 1168 774 1222 extra
797 1163 925 1222 urbem.

299 1289 362 1348 Nec
385 1289 481 1347 minor
503 1289 653 1347 hortorum
677 1288 873 1346 memorandis
897 1287 1032 1346 laudibus
1055 1287 1157 1346 urbem

300 1378 399 1438 Gloria
421 1378 614 1451 commendat,
637 1396 763 1453 quorum
786 1383 847 1435 tam
869 1376 953 1452 copia
976 1376 1068 1449 dives,

229 1481 282 1522 1555
300 1466 395 1540 Quam
417 1467 474 1525 mit
495 1466 612 1525 Alcinoi
635 1484 795 1538 nemorum,
820 1483 894 1542 quac
918 1465 994 1524 mala
1017 1466 1149 1524 terebant

300 1557 411 1614 Punica
433 1561 463 1613 et
484 1555 619 1630 ingentes
642 1555 735 1613 malos
759 1572 890 1631 uvasque
912 1553 1041 1612 virentes

300 1645 338 1704 Idt
361 1644 463 1702 dulces
486 1645 559 1702 ficus
583 1650 612 1702 et
635 1644 743 1702 llorens
766 1661 886 1718 germen
910 1643 1011 1716 olivae,

300 1734 334 1792 In
358 1733 464 1810 quibus
487 1737 606 1791 aeterno
629 1733 770 1792 florebant
792 1732 889 1791 omnia
912 1750 989 1804 vere,

230 1834 293 1888 [sija]
317 1822 356 1881 111
377 1823 492 1881 fructus
514 1822 612 1880 fructu
636 1839 724 1897 super
746 1822 896 1880 exoriente
920 1821 1030 1880 recenti

230 1925 283 1966 1255
302 1911 463 1970 Consenuit
485 1910 625 1987 nulloque
648 1911 783 1986 peribant
805 1917 938 1986 tempore
960 1910 1047 1969 flores

301 2001 340 2060 Idt
363 2001 388 2059 si
411 2019 468 2077 qua
491 2000 539 2058 his
561 1999 617 2058 alia
639 1999 764 2058 adfinxit
786 1999 902 2057 divinus
924 1999 1079 2058 Homerus.

301 2089 362 2148 Nos
385 2107 481 2166 neque
504 2089 635 2162 fabellas,
659 2107 712 2147 uos
736 2107 790 2147 uec
813 2088 964 2147 mendacia
986 2087 1065 2164 picta

301 2178 457 2253 lingentes
480 2178 620 2250 canimus,
644 2196 719 2255 quoe
742 2195 795 2236 nos
819 2176 1026 2253 conspeximus
1048 2175 1113 2251 ipsi.

180 2303 193 2332 .
301 2267 430 2326 Deliciae
453 2272 552 2326 tantae
575 2267 623 2326 hic
646 2267 806 2340 hortorum,
830 2271 910 2325 tanta
933 2265 1076 2341 voluptas,

231 2369 284 2411 1515
301 2354 431 2428 Quantas
454 2356 506 2414 vix
528 2356 625 2414 animo
649 2357 700 2433 qui
723 2374 782 2414 non
805 2354 993 2431 conspexerit
1015 2354 1078 2430 ipse

303 2443 462 2521 Concipiet,
485 2449 566 2504 tanto
589 2445 719 2521 pomario
742 2444 813 2502 ditia
836 2443 917 2502 cultu

301 2533 481 2606 Florescunt,
504 2539 585 2592 tanto
609 2537 748 2609 superant
771 2532 833 2609 pira
857 2538 971 2591 mustea
993 2532 1066 2604 fetu,

302 2621 416 2696 Quanto
438 2640 497 2680 non
519 2622 585 2681 51115
608 2623 758 2681 hortorum
782 2621 918 2697 saepibus
941 2639 1067 2697 usquam

301 2711 413 2770 Inclusi
435 2716 555 2787 potuere
578 2711 642 2787 piri,
666 2729 720 2769 nec
743 2710 840 2768 dulcia
863 2710 970 2769 desunt

232 2800 512 2859 1515Ρ511151115115
536 2800 628 2859 cerasi
652 2818 706 2858 neo
729 2818 809 2859 mora
832 2800 965 2858 rubentia
987 2817 1076 2858 succo

303 2889 479 2964 Sanguineo,
502 2894 548 2948 est
570 2889 694 2947 nucibus
717 2907 770 2948 sua
792 2888 893 2964 gratia,
917 2888 979 2948 sive
1002 2889 1136 2947 colurnus

303 2979 370 3039 Sive
394 2996 428 3036 ea
450 2977 604 3053 iuglandes
627 2978 680 3037 tibi
703 2977 858 3036 conciliare
883 2977 987 3036 suerit.

302 3067 410 3126 Noster
432 3073 466 3126 ut
488 3073 647 3126 autumnus
669 3068 727 3126 fert
750 3067 854 3136 omnia,
878 3066 921 3125 sic
944 3084 1060 3143 quoque
1083 3070 1197 3124 nostros

303 3157 401 3214 Pruna
424 3156 615 3216 Damascenis
637 3174 788 3232 nunquam
810 3173 931 3214 cessura
953 3173 1008 3232 per
1030 3155 1130 3213 hortos

233 3258 285 3300 1280
303 3245 450 3317 Producit,
474 3263 529 3304 nec
551 3245 706 3322 quisquam
737 3245 810 3304 haec
832 3245 951 3304 Persica
973 3263 1060 3321 poma
1082 3244 1219 3320 requirat.

304 3334 378 3394 Sunt
401 3339 432 3392 et
454 3334 657 3410 amygdalinae
680 3334 812 3410 glandes,
836 3339 905 3393 sunt
927 3333 1028 3392 mollia
1051 3334 1136 3392 sorba

304 3423 486 3500 Mespilaque
509 3429 538 3483 et
560 3423 639 3482 lento
662 3423 767 3499 stipata
791 3422 922 3498 Cydonia
944 3441 1041 3481 succo.

304 3511 382 3586 Quid
405 3530 565 3572 memorem
587 3517 663 3571 totos
686 3517 835 3571 contectos
858 3511 968 3570 vitibus
991 3512 1109 3571 hortos?

305 3600 436 3675 Quarum
457 3600 626 3678 palmitibus
650 3602 752 3660 crebro
776 3601 897 3678 topiaria
919 3601 1000 3659 flexu
