2770 4274
513 353 652 408 EOBANVS,
675 352 851 394 nemeaea.

250 529 403 603 Planioies,
427 536 490 588 tum
514 548 550 589 ne
572 531 686 588 iaceant
708 531 772 589 loca
794 536 875 590 vasta
899 530 1000 589 recisis

251 620 417 693 Arboribus,
442 638 516 678 nova
539 619 697 678 conficiunt
719 625 749 678 et
772 620 883 678 semina
905 619 1026 678 mittunt

251 707 357 783 Sparsa
380 708 441 767 solo
465 727 555 767 vacuo
578 708 748 785 campisque
770 708 876 767 iniecta
898 708 1074 786 relinquunt.

251 796 325 854 Tum
347 797 448 856 videas
471 797 587 873 prodire
610 815 700 856 nouas
724 797 788 856 sine
811 797 909 873 stipite
932 797 1059 870 frondes,

195 896 237 938 545
250 885 319 944 Mox
342 904 457 962 quoque
481 886 630 945 colliculos
653 891 763 959 tenues,
786 892 849 944 tum
874 886 980 945 cortice
1003 887 1092 944 robur

251 975 386 1033 Acoresci
408 993 571 1052 parvosque
595 976 727 1034 umbram
751 975 908 1034 defendere
930 993 1026 1034 ramos

249 1062 403 1139 Exiguam,
427 1069 617 1140 teneramque
640 1082 714 1122 novo
737 1064 774 1122 de
796 1064 929 1138 germine
953 1064 1057 1122 silvam

251 1151 377 1227 Surgere
400 1153 483 1211 etin
506 1141 614 1229 patrias
637 1153 779 1228 paulatim
802 1152 968 1212 adolescere
991 1153 1109 1226 formas,

250 1240 350 1300 Donec
371 1241 402 1299 in
425 1241 577 1317 antiquum
600 1242 702 1300 redeat
724 1241 815 1300 decus
837 1241 955 1317 altaque
979 1241 1058 1300 caelo

198 1340 237 1382 550
249 1329 371 1388 Attollat
393 1330 490 1407 capita
512 1336 541 1388 et
563 1349 704 1388 concusso
727 1330 835 1389 vertice
859 1335 948 1403 nutet,

250 1417 408 1478 Lassatura
431 1417 540 1477 iterum
563 1419 671 1495 patrias
694 1419 751 1478 iam
776 1419 850 1478 silva
869 1437 998 1479 secures.

249 1507 312 1566 Has
334 1508 408 1567 aliae
431 1508 600 1566 innumerae
623 1527 675 1584 per
697 1514 741 1566 tot
763 1508 822 1566 iam
845 1508 961 1567 saecula
983 1514 1078 1566 terrae

248 1595 408 1656 Nescivere
431 1603 509 1655 artes
531 1597 758 1673 reparandarum
782 1597 934 1671 silvarum3

248 1685 401 1743 Inventrix
424 1685 522 1744 docuit
546 1683 713 1744 Germania:
736 1692 818 1744 tanta
841 1686 947 1761 cupido
969 1691 1022 1759 est,

197 1785 236 1826 555
251 1773 360 1832 Tantus
384 1793 465 1832 amor
488 1793 654 1848 nemorum,
682 1793 806 1852 qnorum
829 1774 877 1832 vel
901 1774 1005 1832 blanda
1027 1773 1163 1850 voluptas

249 1861 306 1920 Vel
329 1863 428 1937 gravis
450 1863 560 1922 utilitas
585 1864 623 1922 sit
644 1881 820 1940 responsura
842 1863 941 1921 labori.

251 1950 356 2010 Cetera
379 1970 505 2028 namque
530 1958 630 2010 serunt
653 1952 787 2028 spatiosis
811 1952 912 2026 iugera
935 1951 1055 2026 campis,

250 2039 333 2098 Sicut
355 2046 384 2099 et
408 2042 481 2099 haec
503 2041 580 2099 intra
602 2041 659 2098 late
682 2046 848 2116 prospectat
870 2045 900 2098 et
920 2045 1003 2098 extra

250 2128 370 2187 Vicinos
393 2129 487 2204 plenis
510 2129 669 2188 flavescere
691 2129 837 2188 messibus
860 2147 954 2204 agros,

196 2229 235 2270 555
293 2217 376 2276 Η555
398 2224 444 2276 est
466 2217 629 2292 Hercyniae
652 2219 778 2276 multum
801 2236 869 2294 pars
891 2217 991 2276 inclita
1018 2217 1117 2291 silvae,

250 2305 357 2364 Norica
380 2325 454 2382 quae
477 2307 563 2382 longo
586 2306 748 2365 circumdat
771 2307 885 2366 moenia
907 2307 997 2380 tlcxu,

248 2394 418 2471 Exstirpata
442 2396 500 2469 diu,
524 2396 582 2454 nisi
605 2395 647 2454 sic
669 2395 797 2454 recidiva
819 2401 951 2454 maneret

250 2483 356 2560 Magna
379 2490 461 2560 parte
485 2485 539 2558 sui,
562 2491 719 2561 postquam
742 2485 847 2543 defecit
869 2491 899 2543 et
921 2485 1015 2560 ipsam

198 2583 266 2637 [libb]
290 2573 329 2632 Se
352 2591 490 2649 reparans
516 2591 690 2650 semperque
717 2592 792 2633 nora
816 2574 871 2632 sibi
893 2573 975 2650 prole
997 2591 1162 2632 renascens.

250 2802 493 2879 Lapidicinae‚
521 2822 563 2862 ex
587 2804 716 2880 quibus
743 2805 843 2864 urbis
866 2804 1035 2863 aedificia
1060 2805 1162 2862 liunt.

196 2939 235 2981 555
292 2928 375 2987 Haec
397 2935 443 2987 est
464 2929 606 3003 Hercynii
629 2929 715 3005 longe
741 2948 808 3006 pars
831 2929 930 2987 inclita
954 2929 1047 2988 saltus

251 3016 433 3076 Circumfusa
456 3018 539 3092 vagis
562 3018 693 3077 inclusae
716 3019 899 3094 amplexibus
923 3017 996 3076 urbi.

251 3104 332 3178 Quae
355 3125 413 3164 non
436 3113 514 3165 tecta
536 3107 622 3166 modo
646 3107 742 3165 civilia
765 3107 896 3166 materiei

249 3194 340 3253 Felici
362 3196 494 3254 ubertate
517 3214 620 3254 omnes
643 3202 796 3254 conservat
817 3197 848 3255 in
871 3213 963 3253 annos

249 3282 311 3342 Nec
334 3290 448 3342 tantum
471 3285 543 3342 bona
567 3284 681 3343 deliciis
704 3290 756 3344 aut
778 3285 902 3361 denique
926 3283 1048 3343 blandae

196 3383 236 3426 570
248 3371 325 3431 Nata
347 3373 489 3448 voluptati
512 3392 546 3432 ac
569 3373 687 3449 pinguis
710 3373 835 3432 fecunda
857 3373 974 3447 ferinae,

251 3461 360 3520 Verum
383 3461 469 3520 etiam
494 3480 634 3537 generosa
658 3480 711 3521 suo
735 3481 765 3520 55
789 3481 932 3520 marmore
954 3463 1051 3521 iactat.

250 3549 333 3623 Quod
355 3551 453 3609 lundis
476 3552 607 3628 lapidum
630 3557 811 3611 crescentem
835 3570 950 3628 semper
972 3551 1010 3610 ad
1032 3554 1135 3611 urbem
