2760 4200
268 383 311 440 12
515 365 518 370 ยน
582 400 723 455 sonamus
746 399 923 440 1011101001.

322 577 391 652 lpse
414 594 488 652 vago
512 576 638 636 mediam
661 577 814 652 Pegnosus
836 577 958 636 flumine
983 577 1119 636 scindens

270 678 309 719 120
322 666 445 724 Perduit
468 671 498 724 ct
520 665 615 724 varios
637 685 738 725 rerum
761 684 793 724 se
815 667 935 742 praebet
957 666 995 724 ad
1019 683 1090 724 usus

322 754 494 813 Periacilem
519 754 590 813 solis
613 773 668 813 neo
691 754 826 813 sordibus
849 754 940 814 abluit
963 756 1074 813 urbem.

270 854 333 908 [bijb]
351 841 408 915 Qui
431 843 520 901 vicini
543 843 674 902 habitent
697 843 806 919 populi,
829 862 903 920 quae
926 844 1061 919 proxima
1083 843 1194 902 circum

322 932 402 990 Rura
420 932 517 991 colant
534 937 645 1007 gentes
664 933 738 990 forte
757 932 813 991 hoc
826 950 943 1009 quoque
959 933 1034 992 scire
1047 949 1168 990 necesse
1183 937 1236 990 cst.

322 1021 429 1080 Norica
452 1021 629 1080 Teutonidos
652 1021 747 1079 media
770 1022 840 1080 urbs
858 1021 986 1096 regionis
1008 1021 1040 1079 in
1063 1038 1125 1096 ora3

270 1121 308 1162 125
324 1108 387 1182 Qua
411 1109 491 1168 ridet
514 1127 635 1168 aurorae
657 1110 826 1169 venientem
848 1128 866 1167 a
888 1110 1020 1185 partibus
1042 1109 1164 1182 Eurum,

323 1199 425 1273 Regna
448 1203 549 1256 tenent
571 1200 661 1257 fortes
685 1198 769 1257 silvis
792 1198 906 1256 inclusa
929 1199 1061 1257 Bohemi.

323 1287 462 1345 Proxima
485 1305 560 1363 quae
584 1287 693 1363 pluviis
716 1287 873 1345 adflatibus
896 1287 1003 1362 inrigat
1025 1289 1141 1359 Auster,

324 1374 403 1434 Gens
426 1381 511 1434 retus
535 1383 565 1434 et
587 1376 677 1434 nullis
701 1375 770 1435 belli
793 1377 902 1434 m'rtute
926 1377 1055 1434 secunda

322 1465 402 1523 Rura
425 1465 525 1523 colunt
548 1465 615 1524 niro
638 1465 787 1524 Rhaetaca
809 1465 913 1523 durata
936 1464 1033 1524 Sucvi.

269 1565 309 1606 rso
322 1554 363 1610 At
384 1571 475 1629 prope
499 1571 574 1630 quae
598 1553 658 1611 sole
677 1554 798 1612 occiduo
822 1554 920 1612 vineta
942 1559 1104 1630 tepescunt,

323 1642 500 1716 Magnanimi
523 1642 647 1700 fecunda
671 1643 772 1701 colunt
793 1648 883 1718 atque
906 1643 1016 1719 optima
1038 1642 1149 1701 Franci.

323 1730 466 1807 Aequoris
489 1731 629 1789 immunis
652 1737 774 1806 partem,
798 1749 873 1807 quae
896 1731 993 1806 vergit
1016 1732 1053 1790 ad
1076 1733 1191 1802 Arctos,

323 1819 449 1893 Duringi
472 1819 596 1895 pingues
619 1819 758 1893 habitant
782 1837 856 1896 quos
878 1820 954 1879 inter
977 1826 1007 1879 et
1029 1821 1130 1879 urbem

322 1907 396 1966 Pars
419 1909 554 1967 bonade
577 1908 695 1966 Francis
718 1909 891 1967 intervenit:
915 1909 965 1968 1110
987 1910 1117 1985 proiecto

271 2009 308 2049 rso
323 1995 465 2055 Omnibus
488 1997 564 2055 hanc
587 1998 704 2073 populis
727 1998 848 2074 propius
871 1998 927 2056 sibi
950 1997 1079 2056 vindicat
1102 1998 1212 2056 urbem.

322 2085 404 2145 Haec
426 2091 530 2144 natura
553 2085 617 2158 loci,
641 2086 716 2146 situs
739 2087 788 2146 hic
810 2087 939 2162 regionis
962 2093 993 2145 et
1015 2087 1104 2145 urbis.

442 2245 550 2304 Vrbis
573 2246 808 2321 pulchritudo
832 2251 867 2306 01
890 2246 1078 2321 elegantia.

367 2351 515 2411 Omarunt
536 2352 585 2411 alii
609 2359 790 2428 praestantes
813 2353 948 2412 laudibus
972 2354 1069 2426 urbes,

322 2439 369 2497 Ex
392 2440 507 2516 quibus,
530 2446 564 2499 ut
586 2447 699 2500 taceam
722 2447 837 2502 veteres
860 2447 889 2500 01
912 2442 1028 2500 nomina
1050 2446 1165 2500 tantum

322 2529 461 2588 Proxima
484 2547 716 2604 commemorem,
741 2531 872 2590 laudavit
894 2531 1024 2589 camnine
1047 2530 1174 2606 priscam

267 2629 309 2672 140
323 2617 465 2676 Trevirim
489 2619 646 2693 Ausonius,
670 2620 781 2695 patriae
804 2637 862 2678 non
884 2619 1039 2678 immemor
1060 2619 1141 2678 idem

322 2706 520 2782 Burdegalam
543 2708 621 2766 clara
644 2715 790 2768 cantatam
813 2727 884 2767 voce
908 2709 1034 2785 reliquit.

322 2795 466 2872 Tempore
484 2803 515 2856 et
536 2797 654 2872 ingenio
676 2798 771 2857 minor
793 2798 848 2856 hoc
871 2797 1007 2857 Sidonius
1030 2798 1132 2856 urbem

322 2884 474 2945 Laudibus
499 2887 625 2945 aeternis
648 2887 760 2960 occinit,
784 2905 873 2963 quam
895 2887 1001 2945 diceris
1024 2886 1094 2945 olim

322 2973 493 3034 Possedisse
515 2980 574 3048 tuo,
598 2975 684 3034 miles
706 2976 874 3049 decumano,
897 2976 1007 3034 colono.

269 3073 308 3115 111
323 3074 392 3129 [biija]
415 3063 479 3123 Neo
502 3063 555 3122 tibi
578 3064 693 3140 vulgari
716 3070 831 3124 cantata
853 3070 900 3124 est
922 3064 1023 3141 Lipsia
1046 3082 1142 3137 versu,

322 3152 440 3225 Eusebi,
463 3152 613 3212 Pieridum
637 3171 735 3213 comes
757 3153 865 3212 inclite.
912 3152 988 3226 Quid
1015 3154 1118 3229 loquar
1141 3157 1240 3212 autem

322 3241 407 3299 Hanc
426 3259 551 3318 quoque,
570 3260 658 3318 quam
672 3243 755 3301 nobis
774 3260 852 3301 nunc
870 3248 915 3301 est
933 3261 1010 3301 nova
1023 3247 1090 3300 nata
1104 3241 1239 3301 voluntas

323 3329 535 3389 Commendare
558 3348 633 3389 novo
656 3331 787 3390 venturis
810 3331 938 3390 carmine
961 3331 1073 3400 saeclis,

322 3419 485 3492 Invenisso,
509 3437 578 3478 suas
601 3420 652 3496 qui
675 3426 775 3496 posset
797 3420 894 3479 dicere
916 3419 1027 3494 laudes,

269 3519 309 3561 rso
322 3507 388 3566 Non
410 3513 508 3567 tamen
530 3509 584 3566 has
607 3509 705 3585 aliquo
730 3513 861 3568 cantatas
884 3509 1020 3578 carmine,
1045 3508 1151 3568 Celtim

323 3595 407 3669 Quod
430 3597 524 3672 magis
547 3597 703 3657 inlustrem
726 3604 840 3674 poterat
862 3598 998 3657 decuisse
1021 3604 1153 3674 poetam:
