<?xml version="1.0" encoding="UTF-8"?>
<!DOCTYPE html PUBLIC "-//W3C//DTD XHTML 1.0 Transitional//EN"
    "http://www.w3.org/TR/xhtml1/DTD/xhtml1-transitional.dtd">
<html xmlns="http://www.w3.org/1999/xhtml" xml:lang="en" lang="en">
 <head>
  <title>
</title>
<meta http-equiv="Content-Type" content="text/html;charset=utf-8" />
  <meta name='ocr-system' content='tesseract 3.04.00' />
  <meta name='ocr-capabilities' content='ocr_page ocr_carea ocr_par ocr_line ocrx_word'/>
</head>
<body>
  <div class='ocr_page' id='page_1' title='image "./helivseobanvshe00neffgoog_0142.png"; bbox 0 0 2770 4274; ppageno 0'>
   <div class='ocr_carea' id='block_1_1' title="bbox 498 343 1123 418">
    <p class='ocr_par' dir='ltr' id='par_1_1' title="bbox 498 343 1123 418">
     <span class='ocr_line' id='line_1_1' title="bbox 498 343 1123 418; baseline 0.002 -19"><span class='ocrx_word' id='word_1_1' title='bbox 498 360 643 418; x_wconf 79' lang='lat' dir='ltr'>nvscnrvs,</span> <span class='ocrx_word' id='word_1_2' title='bbox 665 360 784 402; x_wconf 74' lang='lat' dir='ltr'>nn’srcn.</span> <span class='ocrx_word' id='word_1_3' title='bbox 1083 343 1123 400; x_wconf 80' lang='lat'>83</span> 
     </span>
    </p>
   </div>
   <div class='ocr_carea' id='block_1_2' title="bbox 158 537 1125 3646">
    <p class='ocr_par' dir='ltr' id='par_1_2' title="bbox 212 537 965 614">
     <span class='ocr_line' id='line_1_2' title="bbox 212 537 965 614; baseline -0.001 -17"><span class='ocrx_word' id='word_1_4' title='bbox 212 537 272 597; x_wconf 87' lang='lat' dir='ltr'>Seu</span> <span class='ocrx_word' id='word_1_5' title='bbox 295 537 374 614; x_wconf 91' lang='lat' dir='ltr'>quod</span> <span class='ocrx_word' id='word_1_6' title='bbox 397 537 549 614; x_wconf 76' lang='lat' dir='ltr'>Lampetie</span> <span class='ocrx_word' id='word_1_7' title='bbox 573 537 650 596; x_wconf 84' lang='lat' dir='ltr'>Solis</span> <span class='ocrx_word' id='word_1_8' title='bbox 673 539 811 614; x_wconf 86' lang='lat' dir='ltr'>pascebat</span> <span class='ocrx_word' id='word_1_9' title='bbox 833 537 864 596; x_wconf 95' lang='lat' dir='ltr'>in</span> <span class='ocrx_word' id='word_1_10' title='bbox 887 537 965 596; x_wconf 78' lang='lat' dir='ltr'>arvis</span> 
     </span>
    </p>

    <p class='ocr_par' dir='ltr' id='par_1_3' title="bbox 212 625 1125 775">
     <span class='ocr_line' id='line_1_3' title="bbox 214 625 1125 704; baseline -0.002 -18"><span class='ocrx_word' id='word_1_11' title='bbox 214 627 273 686; x_wconf 84' lang='lat' dir='ltr'>Seu</span> <span class='ocrx_word' id='word_1_12' title='bbox 296 627 374 704; x_wconf 87' lang='lat' dir='ltr'>quod</span> <span class='ocrx_word' id='word_1_13' title='bbox 397 645 450 703; x_wconf 88' lang='lat' dir='ltr'>per</span> <span class='ocrx_word' id='word_1_14' title='bbox 472 626 671 704; x_wconf 80' lang='lat' dir='ltr'><strong>Strophadum</strong></span> <span class='ocrx_word' id='word_1_15' title='bbox 698 643 816 703; x_wconf 81' lang='lat' dir='ltr'>campos</span> <span class='ocrx_word' id='word_1_16' title='bbox 839 626 1016 701; x_wconf 79' lang='lat' dir='ltr'>Cythereius</span> <span class='ocrx_word' id='word_1_17' title='bbox 1039 625 1125 685; x_wconf 90' lang='lat' dir='ltr'>heres</span> 
     </span>
     <span class='ocr_line' id='line_1_4' title="bbox 212 716 879 775; baseline 0 -1"><span class='ocrx_word' id='word_1_18' title='bbox 212 717 317 775; x_wconf 80' lang='lat' dir='ltr'>Errare</span> <span class='ocrx_word' id='word_1_19' title='bbox 340 722 371 774; x_wconf 90' lang='lat' dir='ltr'>et</span> <span class='ocrx_word' id='word_1_20' title='bbox 393 717 474 775; x_wconf 90' lang='lat' dir='ltr'>nullo</span> <span class='ocrx_word' id='word_1_21' title='bbox 498 734 596 775; x_wconf 89' lang='lat' dir='ltr'>coram</span> <span class='ocrx_word' id='word_1_22' title='bbox 618 717 738 775; x_wconf 87' lang='lat' dir='ltr'>custode</span> <span class='ocrx_word' id='word_1_23' title='bbox 761 716 879 775; x_wconf 68' lang='lat' dir='ltr'>ridebat</span> 
     </span>
    </p>

    <p class='ocr_par' dir='ltr' id='par_1_4' title="bbox 213 804 959 880">
     <span class='ocr_line' id='line_1_5' title="bbox 213 804 959 880; baseline 0 -16"><span class='ocrx_word' id='word_1_24' title='bbox 213 805 342 864; x_wconf 82' lang='lat' dir='ltr'>Candida</span> <span class='ocrx_word' id='word_1_25' title='bbox 364 804 518 864; x_wconf 83' lang='lat' dir='ltr'>demersae</span> <span class='ocrx_word' id='word_1_26' title='bbox 540 805 631 864; x_wconf 85' lang='lat' dir='ltr'>latera</span> <span class='ocrx_word' id='word_1_27' title='bbox 653 805 796 864; x_wconf 81' lang='lat' dir='ltr'>acclinare</span> <span class='ocrx_word' id='word_1_28' title='bbox 819 804 959 880; x_wconf 87' lang='lat' dir='ltr'>genistae.</span> 
     </span>
    </p>

    <p class='ocr_par' dir='ltr' id='par_1_5' title="bbox 159 893 921 971">
     <span class='ocr_line' id='line_1_6' title="bbox 159 893 921 971; baseline 0.008 -24"><span class='ocrx_word' id='word_1_29' title='bbox 159 907 198 947; x_wconf 80' lang='lat'>135</span> <span class='ocrx_word' id='word_1_30' title='bbox 212 893 290 953; x_wconf 88' lang='lat' dir='ltr'>Hinc</span> <span class='ocrx_word' id='word_1_31' title='bbox 313 894 367 952; x_wconf 91' lang='lat' dir='ltr'>sibi</span> <span class='ocrx_word' id='word_1_32' title='bbox 390 895 512 954; x_wconf 75' lang='lat' dir='ltr'>mactari</span> <span class='ocrx_word' id='word_1_33' title='bbox 533 901 632 954; x_wconf 85' lang='lat' dir='ltr'>tauros</span> <span class='ocrx_word' id='word_1_34' title='bbox 656 900 786 971; x_wconf 86' lang='lat' dir='ltr'>optasset</span> <span class='ocrx_word' id='word_1_35' title='bbox 808 895 921 971; x_wconf 89' lang='lat' dir='ltr'>opimos</span> 
     </span>
    </p>

    <p class='ocr_par' dir='ltr' id='par_1_6' title="bbox 160 983 973 1237">
     <span class='ocr_line' id='line_1_7' title="bbox 160 983 963 1061; baseline 0.007 -25"><span class='ocrx_word' id='word_1_36' title='bbox 160 995 219 1049; x_wconf 79' lang='lat' dir='ltr'>[sn]</span> <span class='ocrx_word' id='word_1_37' title='bbox 234 983 367 1060; x_wconf 87' lang='lat' dir='ltr'>Iuppiter</span> <span class='ocrx_word' id='word_1_38' title='bbox 389 1003 406 1042; x_wconf 90' lang='lat' dir='ltr'>a</span> <span class='ocrx_word' id='word_1_39' title='bbox 428 984 536 1061; x_wconf 89' lang='lat' dir='ltr'>populo</span> <span class='ocrx_word' id='word_1_40' title='bbox 558 984 645 1043; x_wconf 85' lang='lat' dir='ltr'>laetis</span> <span class='ocrx_word' id='word_1_41' title='bbox 667 984 776 1043; x_wconf 87' lang='lat' dir='ltr'>victore</span> <span class='ocrx_word' id='word_1_42' title='bbox 798 984 963 1060; x_wconf 72' lang='lat' dir='ltr'>triumphis</span> 
     </span>
     <span class='ocr_line' id='line_1_8' title="bbox 212 1072 973 1132; baseline 0.003 -2"><span class='ocrx_word' id='word_1_43' title='bbox 212 1072 289 1130; x_wconf 89' lang='lat' dir='ltr'>Hinc</span> <span class='ocrx_word' id='word_1_44' title='bbox 312 1073 367 1131; x_wconf 89' lang='lat' dir='ltr'>sibi</span> <span class='ocrx_word' id='word_1_45' title='bbox 389 1073 526 1132; x_wconf 88' lang='lat' dir='ltr'>iussisset</span> <span class='ocrx_word' id='word_1_46' title='bbox 548 1078 679 1132; x_wconf 84' lang='lat' dir='ltr'>auratam</span> <span class='ocrx_word' id='word_1_47' title='bbox 701 1074 796 1132; x_wconf 81' lang='lat' dir='ltr'>fronte</span> <span class='ocrx_word' id='word_1_48' title='bbox 819 1073 973 1132; x_wconf 86' lang='lat' dir='ltr'>iuvencam</span> 
     </span>
     <span class='ocr_line' id='line_1_9' title="bbox 212 1162 818 1237; baseline 0.002 -18"><span class='ocrx_word' id='word_1_49' title='bbox 212 1162 285 1220; x_wconf 91' lang='lat' dir='ltr'>Iuno</span> <span class='ocrx_word' id='word_1_50' title='bbox 309 1162 429 1221; x_wconf 73' lang='lat' dir='ltr'>devotas</span> <span class='ocrx_word' id='word_1_51' title='bbox 453 1162 517 1221; x_wconf 90' lang='lat' dir='ltr'>sisti</span> <span class='ocrx_word' id='word_1_52' title='bbox 540 1162 663 1237; x_wconf 88' lang='lat' dir='ltr'>genialis</span> <span class='ocrx_word' id='word_1_53' title='bbox 685 1162 722 1220; x_wconf 89' lang='lat' dir='ltr'>ad</span> <span class='ocrx_word' id='word_1_54' title='bbox 745 1179 818 1221; x_wconf 84' lang='lat' dir='ltr'>ares.</span> 
     </span>
    </p>

    <p class='ocr_par' dir='ltr' id='par_1_7' title="bbox 212 1250 1125 1327">
     <span class='ocr_line' id='line_1_10' title="bbox 212 1250 1125 1327; baseline 0 -17"><span class='ocrx_word' id='word_1_55' title='bbox 212 1250 274 1310; x_wconf 89' lang='lat' dir='ltr'>Nec</span> <span class='ocrx_word' id='word_1_56' title='bbox 296 1251 393 1310; x_wconf 90' lang='lat' dir='ltr'>minus</span> <span class='ocrx_word' id='word_1_57' title='bbox 416 1252 489 1310; x_wconf 89' lang='lat' dir='ltr'>haec</span> <span class='ocrx_word' id='word_1_58' title='bbox 511 1251 599 1327; x_wconf 84' lang='lat' dir='ltr'>regio,</span> <span class='ocrx_word' id='word_1_59' title='bbox 622 1251 721 1309; x_wconf 89' lang='lat' dir='ltr'>minus</span> <span class='ocrx_word' id='word_1_60' title='bbox 743 1252 816 1310; x_wconf 89' lang='lat' dir='ltr'>haec</span> <span class='ocrx_word' id='word_1_61' title='bbox 838 1253 925 1311; x_wconf 88' lang='lat' dir='ltr'>habet</span> <span class='ocrx_word' id='word_1_62' title='bbox 947 1252 1125 1311; x_wconf 81' lang='lat' dir='ltr'>oraferoces</span> 
     </span>
    </p>

    <p class='ocr_par' dir='ltr' id='par_1_8' title="bbox 159 1340 984 1417">
     <span class='ocr_line' id='line_1_11' title="bbox 159 1340 984 1417; baseline 0.007 -23"><span class='ocrx_word' id='word_1_63' title='bbox 159 1352 198 1394; x_wconf 80' lang='lat'>140</span> <span class='ocrx_word' id='word_1_64' title='bbox 212 1341 365 1417; x_wconf 87' lang='lat' dir='ltr'>Alipedes:</span> <span class='ocrx_word' id='word_1_65' title='bbox 389 1340 448 1400; x_wconf 87' lang='lat' dir='ltr'>alto</span> <span class='ocrx_word' id='word_1_66' title='bbox 471 1341 635 1416; x_wconf 86' lang='lat' dir='ltr'>glomerant</span> <span class='ocrx_word' id='word_1_67' title='bbox 657 1341 688 1398; x_wconf 90' lang='lat' dir='ltr'>in</span> <span class='ocrx_word' id='word_1_68' title='bbox 711 1341 832 1417; x_wconf 87' lang='lat' dir='ltr'>pulvere</span> <span class='ocrx_word' id='word_1_69' title='bbox 854 1359 984 1416; x_wconf 79' lang='lat' dir='ltr'>gressus,</span> 
     </span>
    </p>

    <p class='ocr_par' dir='ltr' id='par_1_9' title="bbox 211 1428 1067 1774">
     <span class='ocr_line' id='line_1_12' title="bbox 215 1428 1067 1506; baseline 0.001 -18"><span class='ocrx_word' id='word_1_70' title='bbox 215 1428 294 1502; x_wconf 80' lang='lat' dir='ltr'>Quos</span> <span class='ocrx_word' id='word_1_71' title='bbox 317 1430 390 1488; x_wconf 84' lang='lat' dir='ltr'>haec</span> <span class='ocrx_word' id='word_1_72' title='bbox 413 1430 508 1504; x_wconf 82' lang='lat' dir='ltr'>gignit</span> <span class='ocrx_word' id='word_1_73' title='bbox 530 1430 652 1506; x_wconf 88' lang='lat' dir='ltr'>humus;</span> <span class='ocrx_word' id='word_1_74' title='bbox 676 1429 777 1488; x_wconf 85' lang='lat' dir='ltr'>cervix</span> <span class='ocrx_word' id='word_1_75' title='bbox 800 1430 913 1488; x_wconf 85' lang='lat' dir='ltr'>velatur</span> <span class='ocrx_word' id='word_1_76' title='bbox 936 1430 1067 1490; x_wconf 85' lang='lat' dir='ltr'>honestis</span> 
     </span>
     <span class='ocr_line' id='line_1_13' title="bbox 212 1518 1057 1597; baseline 0 -20"><span class='ocrx_word' id='word_1_77' title='bbox 212 1518 414 1596; x_wconf 85' lang='lat' dir='ltr'>Luxuriatque</span> <span class='ocrx_word' id='word_1_78' title='bbox 436 1519 522 1593; x_wconf 84' lang='lat' dir='ltr'>iubis,</span> <span class='ocrx_word' id='word_1_79' title='bbox 545 1537 630 1577; x_wconf 88' lang='lat' dir='ltr'>aures</span> <span class='ocrx_word' id='word_1_80' title='bbox 653 1519 784 1578; x_wconf 89' lang='lat' dir='ltr'>modicae</span> <span class='ocrx_word' id='word_1_81' title='bbox 807 1525 895 1597; x_wconf 85' lang='lat' dir='ltr'>atque</span> <span class='ocrx_word' id='word_1_82' title='bbox 919 1520 1057 1578; x_wconf 82' lang='lat' dir='ltr'>subactus</span> 
     </span>
     <span class='ocr_line' id='line_1_14' title="bbox 212 1607 988 1685; baseline 0.001 -20"><span class='ocrx_word' id='word_1_83' title='bbox 212 1607 324 1667; x_wconf 85' lang='lat' dir='ltr'>Venter</span> <span class='ocrx_word' id='word_1_84' title='bbox 347 1613 378 1667; x_wconf 90' lang='lat' dir='ltr'>et</span> <span class='ocrx_word' id='word_1_85' title='bbox 400 1613 538 1684; x_wconf 83' lang='lat' dir='ltr'>argutum</span> <span class='ocrx_word' id='word_1_86' title='bbox 560 1612 647 1684; x_wconf 89' lang='lat' dir='ltr'>caput</span> <span class='ocrx_word' id='word_1_87' title='bbox 669 1608 738 1682; x_wconf 80' lang='lat' dir='ltr'>illis,</span> <span class='ocrx_word' id='word_1_88' title='bbox 761 1608 882 1685; x_wconf 86' lang='lat' dir='ltr'>pinguia</span> <span class='ocrx_word' id='word_1_89' title='bbox 904 1614 988 1683; x_wconf 86' lang='lat' dir='ltr'>terga</span> 
     </span>
     <span class='ocr_line' id='line_1_15' title="bbox 211 1696 1013 1774; baseline 0.001 -19"><span class='ocrx_word' id='word_1_90' title='bbox 211 1696 459 1774; x_wconf 82' lang='lat' dir='ltr'>Exsuperansque</span> <span class='ocrx_word' id='word_1_91' title='bbox 482 1697 553 1756; x_wconf 87' lang='lat' dir='ltr'>toris</span> <span class='ocrx_word' id='word_1_92' title='bbox 576 1702 680 1773; x_wconf 89' lang='lat' dir='ltr'>pectus</span> <span class='ocrx_word' id='word_1_93' title='bbox 703 1698 865 1774; x_wconf 89' lang='lat' dir='ltr'>clunesque</span> <span class='ocrx_word' id='word_1_94' title='bbox 887 1697 1013 1757; x_wconf 87' lang='lat' dir='ltr'>rotundi.</span> 
     </span>
    </p>

    <p class='ocr_par' dir='ltr' id='par_1_10' title="bbox 158 1785 1122 2218">
     <span class='ocr_line' id='line_1_16' title="bbox 158 1785 1122 1864; baseline 0.004 -22"><span class='ocrx_word' id='word_1_95' title='bbox 158 1798 198 1840; x_wconf 82' lang='lat'>145</span> <span class='ocrx_word' id='word_1_96' title='bbox 211 1785 324 1844; x_wconf 90' lang='lat' dir='ltr'>Horum</span> <span class='ocrx_word' id='word_1_97' title='bbox 347 1805 416 1863; x_wconf 82' lang='lat' dir='ltr'>pers</span> <span class='ocrx_word' id='word_1_98' title='bbox 439 1786 568 1864; x_wconf 85' lang='lat' dir='ltr'>equitem</span> <span class='ocrx_word' id='word_1_99' title='bbox 592 1787 677 1846; x_wconf 90' lang='lat' dir='ltr'>dorso</span> <span class='ocrx_word' id='word_1_100' title='bbox 701 1787 778 1862; x_wconf 89' lang='lat' dir='ltr'>gerit</span> <span class='ocrx_word' id='word_1_101' title='bbox 800 1804 939 1863; x_wconf 84' lang='lat' dir='ltr'>armaque</span> <span class='ocrx_word' id='word_1_102' title='bbox 962 1787 1072 1862; x_wconf 88' lang='lat' dir='ltr'>gaudet</span> <span class='ocrx_word' id='word_1_103' title='bbox 1120 1800 1122 1804; x_wconf 83' lang='lat'>&#39;</span> 
     </span>
     <span class='ocr_line' id='line_1_17' title="bbox 212 1869 987 1952; baseline 0 -19"><span class='ocrx_word' id='word_1_104' title='bbox 212 1875 353 1952; x_wconf 88' lang='lat' dir='ltr'>Aspicere</span> <span class='ocrx_word' id='word_1_105' title='bbox 376 1869 406 1934; x_wconf 88' lang='lat' dir='ltr'>et</span> <span class='ocrx_word' id='word_1_106' title='bbox 429 1882 532 1936; x_wconf 87' lang='lat' dir='ltr'>cantus</span> <span class='ocrx_word' id='word_1_107' title='bbox 555 1876 657 1952; x_wconf 88' lang='lat' dir='ltr'>procul</span> <span class='ocrx_word' id='word_1_108' title='bbox 681 1876 821 1935; x_wconf 87' lang='lat' dir='ltr'>exaudire</span> <span class='ocrx_word' id='word_1_109' title='bbox 843 1877 987 1948; x_wconf 84' lang='lat' dir='ltr'>tubarum,</span> 
     </span>
     <span class='ocr_line' id='line_1_18' title="bbox 212 1963 993 2042; baseline 0.001 -20"><span class='ocrx_word' id='word_1_110' title='bbox 212 1965 313 2024; x_wconf 83' lang='lat' dir='ltr'>Altera</span> <span class='ocrx_word' id='word_1_111' title='bbox 335 1983 404 2040; x_wconf 86' lang='lat' dir='ltr'>pars</span> <span class='ocrx_word' id='word_1_112' title='bbox 427 1965 535 2024; x_wconf 87' lang='lat' dir='ltr'>domito</span> <span class='ocrx_word' id='word_1_113' title='bbox 558 1965 634 2042; x_wconf 83' lang='lat' dir='ltr'>rapit</span> <span class='ocrx_word' id='word_1_114' title='bbox 657 1965 761 2024; x_wconf 83' lang='lat' dir='ltr'>esseda</span> <span class='ocrx_word' id='word_1_115' title='bbox 784 1963 896 2024; x_wconf 84' lang='lat' dir='ltr'>Gallica</span> <span class='ocrx_word' id='word_1_116' title='bbox 918 1964 993 2023; x_wconf 93' lang='lat' dir='ltr'>collo</span> 
     </span>
     <span class='ocr_line' id='line_1_19' title="bbox 214 2053 978 2130; baseline 0 -18"><span class='ocrx_word' id='word_1_117' title='bbox 214 2053 414 2113; x_wconf 84' lang='lat' dir='ltr'>Stridentesve</span> <span class='ocrx_word' id='word_1_118' title='bbox 437 2059 515 2112; x_wconf 83' lang='lat' dir='ltr'>rotas</span> <span class='ocrx_word' id='word_1_119' title='bbox 537 2055 672 2113; x_wconf 81' lang='lat' dir='ltr'>attriteve</span> <span class='ocrx_word' id='word_1_120' title='bbox 694 2054 824 2130; x_wconf 89' lang='lat' dir='ltr'>pondere</span> <span class='ocrx_word' id='word_1_121' title='bbox 847 2055 978 2130; x_wconf 91' lang='lat' dir='ltr'>plaustra</span> 
     </span>
     <span class='ocr_line' id='line_1_20' title="bbox 212 2143 1048 2218; baseline 0.001 -18"><span class='ocrx_word' id='word_1_122' title='bbox 212 2143 272 2201; x_wconf 87' lang='lat' dir='ltr'>Aut</span> <span class='ocrx_word' id='word_1_123' title='bbox 295 2161 385 2218; x_wconf 88' lang='lat' dir='ltr'>grave</span> <span class='ocrx_word' id='word_1_124' title='bbox 408 2149 514 2202; x_wconf 82' lang='lat' dir='ltr'>tractat</span> <span class='ocrx_word' id='word_1_125' title='bbox 537 2161 610 2202; x_wconf 88' lang='lat' dir='ltr'>onus</span> <span class='ocrx_word' id='word_1_126' title='bbox 632 2148 740 2201; x_wconf 84' lang='lat' dir='ltr'>terram</span> <span class='ocrx_word' id='word_1_127' title='bbox 763 2143 930 2202; x_wconf 85' lang='lat' dir='ltr'>renovantis</span> <span class='ocrx_word' id='word_1_128' title='bbox 952 2143 1048 2202; x_wconf 85' lang='lat' dir='ltr'>aratri.</span> 
     </span>
    </p>

    <p class='ocr_par' dir='ltr' id='par_1_11' title="bbox 158 2231 1046 2578">
     <span class='ocr_line' id='line_1_21' title="bbox 158 2231 1023 2308; baseline 0.006 -23"><span class='ocrx_word' id='word_1_129' title='bbox 158 2244 198 2285; x_wconf 77' lang='lat'>150</span> <span class='ocrx_word' id='word_1_130' title='bbox 213 2231 244 2291; x_wconf 88' lang='lat' dir='ltr'>Si</span> <span class='ocrx_word' id='word_1_131' title='bbox 266 2233 353 2291; x_wconf 90' lang='lat' dir='ltr'>modo</span> <span class='ocrx_word' id='word_1_132' title='bbox 376 2232 516 2291; x_wconf 82' lang='lat' dir='ltr'>deflectas</span> <span class='ocrx_word' id='word_1_133' title='bbox 539 2232 639 2290; x_wconf 87' lang='lat' dir='ltr'>oculos</span> <span class='ocrx_word' id='word_1_134' title='bbox 661 2232 699 2290; x_wconf 92' lang='lat' dir='ltr'>ad</span> <span class='ocrx_word' id='word_1_135' title='bbox 721 2250 843 2291; x_wconf 86' lang='lat' dir='ltr'>amoena</span> <span class='ocrx_word' id='word_1_136' title='bbox 865 2251 1023 2308; x_wconf 88' lang='lat' dir='ltr'>parumper</span> 
     </span>
     <span class='ocr_line' id='line_1_22' title="bbox 211 2320 907 2399; baseline 0.001 -20"><span class='ocrx_word' id='word_1_137' title='bbox 211 2320 332 2396; x_wconf 69' lang='lat' dir='ltr'>Pascua,</span> <span class='ocrx_word' id='word_1_138' title='bbox 356 2339 429 2399; x_wconf 88' lang='lat' dir='ltr'>quas</span> <span class='ocrx_word' id='word_1_139' title='bbox 451 2321 513 2380; x_wconf 90' lang='lat' dir='ltr'>illic</span> <span class='ocrx_word' id='word_1_140' title='bbox 536 2326 654 2380; x_wconf 88' lang='lat' dir='ltr'>urentes</span> <span class='ocrx_word' id='word_1_141' title='bbox 677 2322 756 2380; x_wconf 85' lang='lat' dir='ltr'>culta</span> <span class='ocrx_word' id='word_1_142' title='bbox 778 2321 907 2398; x_wconf 87' lang='lat' dir='ltr'>capellas</span> 
     </span>
     <span class='ocr_line' id='line_1_23' title="bbox 213 2409 1046 2487; baseline 0.002 -19"><span class='ocrx_word' id='word_1_143' title='bbox 213 2409 328 2483; x_wconf 79' lang='lat' dir='ltr'>Quosve</span> <span class='ocrx_word' id='word_1_144' title='bbox 351 2429 457 2486; x_wconf 86' lang='lat' dir='ltr'>greges</span> <span class='ocrx_word' id='word_1_145' title='bbox 480 2410 579 2470; x_wconf 84' lang='lat' dir='ltr'>ovium</span> <span class='ocrx_word' id='word_1_146' title='bbox 601 2416 754 2487; x_wconf 83' lang='lat' dir='ltr'>carpentes</span> <span class='ocrx_word' id='word_1_147' title='bbox 777 2411 908 2486; x_wconf 85' lang='lat' dir='ltr'>gramine</span> <span class='ocrx_word' id='word_1_148' title='bbox 930 2412 1046 2470; x_wconf 89' lang='lat' dir='ltr'>cemes!</span> 
     </span>
     <span class='ocr_line' id='line_1_24' title="bbox 212 2499 978 2578; baseline 0.001 -21"><span class='ocrx_word' id='word_1_149' title='bbox 212 2499 277 2558; x_wconf 87' lang='lat' dir='ltr'>Illis</span> <span class='ocrx_word' id='word_1_150' title='bbox 299 2499 467 2574; x_wconf 79' lang='lat' dir='ltr'>Endymion</span> <span class='ocrx_word' id='word_1_151' title='bbox 490 2500 597 2576; x_wconf 80' lang='lat' dir='ltr'>(pecori</span> <span class='ocrx_word' id='word_1_152' title='bbox 621 2505 667 2559; x_wconf 90' lang='lat' dir='ltr'>est</span> <span class='ocrx_word' id='word_1_153' title='bbox 689 2518 724 2558; x_wconf 89' lang='lat' dir='ltr'>ea</span> <span class='ocrx_word' id='word_1_154' title='bbox 747 2500 840 2576; x_wconf 84' lang='lat' dir='ltr'>gratia</span> <span class='ocrx_word' id='word_1_155' title='bbox 863 2502 978 2578; x_wconf 82' lang='lat' dir='ltr'>cuncto)</span> 
     </span>
    </p>

    <p class='ocr_par' dir='ltr' id='par_1_12' title="bbox 211 2587 915 2666">
     <span class='ocr_line' id='line_1_25' title="bbox 211 2587 915 2666; baseline 0.003 -20"><span class='ocrx_word' id='word_1_156' title='bbox 211 2587 237 2646; x_wconf 83' lang='grc' dir='ltr'>Ε</span> <span class='ocrx_word' id='word_1_157' title='bbox 261 2589 340 2647; x_wconf 90' lang='lat' dir='ltr'>caelo</span> <span class='ocrx_word' id='word_1_158' title='bbox 363 2589 479 2647; x_wconf 91' lang='lat' dir='ltr'>niveam</span> <span class='ocrx_word' id='word_1_159' title='bbox 501 2595 603 2666; x_wconf 87' lang='lat' dir='ltr'>posset</span> <span class='ocrx_word' id='word_1_160' title='bbox 624 2589 770 2648; x_wconf 85' lang='lat' dir='ltr'>deducere</span> <span class='ocrx_word' id='word_1_161' title='bbox 792 2590 915 2648; x_wconf 90' lang='lat' dir='ltr'>Lunam.</span> 
     </span>
    </p>

    <p class='ocr_par' dir='ltr' id='par_1_13' title="bbox 158 2677 999 2755">
     <span class='ocr_line' id='line_1_26' title="bbox 158 2677 999 2755; baseline 0.006 -24"><span class='ocrx_word' id='word_1_162' title='bbox 158 2689 198 2730; x_wconf 80' lang='lat'>155</span> <span class='ocrx_word' id='word_1_163' title='bbox 213 2677 292 2736; x_wconf 90' lang='lat' dir='ltr'>Haec</span> <span class='ocrx_word' id='word_1_164' title='bbox 315 2678 389 2737; x_wconf 89' lang='lat' dir='ltr'>deus</span> <span class='ocrx_word' id='word_1_165' title='bbox 411 2678 552 2737; x_wconf 86' lang='lat' dir='ltr'>Arcadiae</span> <span class='ocrx_word' id='word_1_166' title='bbox 577 2678 601 2737; x_wconf 90' lang='lat' dir='ltr'>si</span> <span class='ocrx_word' id='word_1_167' title='bbox 625 2684 737 2755; x_wconf 80' lang='lat' dir='ltr'>spectet</span> <span class='ocrx_word' id='word_1_168' title='bbox 760 2679 855 2752; x_wconf 68' lang='lat' dir='ltr'>ovilia</span> <span class='ocrx_word' id='word_1_169' title='bbox 878 2684 999 2755; x_wconf 89' lang='lat' dir='ltr'>spernet</span> 
     </span>
    </p>

    <p class='ocr_par' dir='ltr' id='par_1_14' title="bbox 159 2767 1101 3113">
     <span class='ocr_line' id='line_1_27' title="bbox 159 2767 1008 2845; baseline 0.005 -23"><span class='ocrx_word' id='word_1_170' title='bbox 159 2778 219 2832; x_wconf 85' lang='lat' dir='ltr'>[ij]</span> <span class='ocrx_word' id='word_1_171' title='bbox 238 2767 372 2826; x_wconf 82' lang='lat' dir='ltr'>Maenala</span> <span class='ocrx_word' id='word_1_172' title='bbox 394 2785 461 2826; x_wconf 89' lang='lat' dir='ltr'>cum</span> <span class='ocrx_word' id='word_1_173' title='bbox 485 2767 567 2826; x_wconf 80' lang='lat' dir='ltr'>silvis</span> <span class='ocrx_word' id='word_1_174' title='bbox 590 2767 763 2845; x_wconf 80' lang='lat' dir='ltr'>Tegeesque</span> <span class='ocrx_word' id='word_1_175' title='bbox 785 2787 853 2826; x_wconf 87' lang='lat' dir='ltr'>rura</span> <span class='ocrx_word' id='word_1_176' title='bbox 875 2767 1008 2842; x_wconf 86' lang='lat' dir='ltr'>Lycaeis.</span> 
     </span>
     <span class='ocr_line' id='line_1_28' title="bbox 212 2855 1101 2916; baseline 0.002 -2"><span class='ocrx_word' id='word_1_177' title='bbox 212 2855 299 2914; x_wconf 89' lang='lat' dir='ltr'>Nunc</span> <span class='ocrx_word' id='word_1_178' title='bbox 322 2862 439 2915; x_wconf 84' lang='lat' dir='ltr'>revocat</span> <span class='ocrx_word' id='word_1_179' title='bbox 460 2861 594 2916; x_wconf 82' lang='lat' dir='ltr'>nostrum</span> <span class='ocrx_word' id='word_1_180' title='bbox 617 2858 712 2916; x_wconf 86' lang='lat' dir='ltr'>cultos</span> <span class='ocrx_word' id='word_1_181' title='bbox 734 2875 782 2916; x_wconf 91' lang='lat' dir='ltr'>me</span> <span class='ocrx_word' id='word_1_182' title='bbox 807 2875 926 2916; x_wconf 85' lang='lat' dir='ltr'>carmen</span> <span class='ocrx_word' id='word_1_183' title='bbox 947 2856 979 2914; x_wconf 89' lang='lat' dir='ltr'>in</span> <span class='ocrx_word' id='word_1_184' title='bbox 1001 2857 1101 2916; x_wconf 91' lang='lat' dir='ltr'>hortos</span> 
     </span>
     <span class='ocr_line' id='line_1_29' title="bbox 212 2945 1065 3023; baseline 0 -19"><span class='ocrx_word' id='word_1_185' title='bbox 212 2945 251 3004; x_wconf 83' lang='lat' dir='ltr'>Et</span> <span class='ocrx_word' id='word_1_186' title='bbox 273 2963 349 3023; x_wconf 89' lang='lat' dir='ltr'>quae</span> <span class='ocrx_word' id='word_1_187' title='bbox 372 2947 508 3005; x_wconf 89' lang='lat' dir='ltr'>umbrosa</span> <span class='ocrx_word' id='word_1_188' title='bbox 529 2965 625 3005; x_wconf 90' lang='lat' dir='ltr'>meam</span> <span class='ocrx_word' id='word_1_189' title='bbox 648 2946 768 3023; x_wconf 88' lang='lat' dir='ltr'>cingunt</span> <span class='ocrx_word' id='word_1_190' title='bbox 790 2946 920 3023; x_wconf 85' lang='lat' dir='ltr'>pomaria</span> <span class='ocrx_word' id='word_1_191' title='bbox 942 2945 1065 3022; x_wconf 90' lang='lat' dir='ltr'>Lipsim.</span> 
     </span>
     <span class='ocr_line' id='line_1_30' title="bbox 213 3033 1071 3113; baseline 0.002 -21"><span class='ocrx_word' id='word_1_192' title='bbox 213 3033 290 3106; x_wconf 82' lang='lat' dir='ltr'>Quid</span> <span class='ocrx_word' id='word_1_193' title='bbox 313 3035 384 3111; x_wconf 84' lang='lat' dir='ltr'>pira,</span> <span class='ocrx_word' id='word_1_194' title='bbox 407 3035 479 3112; x_wconf 91' lang='lat' dir='ltr'>quid</span> <span class='ocrx_word' id='word_1_195' title='bbox 501 3036 627 3095; x_wconf 82' lang='lat' dir='ltr'>referam</span> <span class='ocrx_word' id='word_1_196' title='bbox 649 3035 801 3096; x_wconf 81' lang='lat' dir='ltr'>curvantis</span> <span class='ocrx_word' id='word_1_197' title='bbox 823 3036 951 3113; x_wconf 90' lang='lat' dir='ltr'>pondere</span> <span class='ocrx_word' id='word_1_198' title='bbox 974 3053 1071 3094; x_wconf 86' lang='lat' dir='ltr'>ramos</span> 
     </span>
    </p>

    <p class='ocr_par' dir='ltr' id='par_1_15' title="bbox 158 3123 1006 3379">
     <span class='ocr_line' id='line_1_31' title="bbox 158 3123 1006 3197; baseline 0.005 -19"><span class='ocrx_word' id='word_1_199' title='bbox 158 3136 198 3178; x_wconf 78' lang='lat'>160</span> <span class='ocrx_word' id='word_1_200' title='bbox 212 3123 309 3182; x_wconf 81' lang='lat' dir='ltr'>Mala?</span> <span class='ocrx_word' id='word_1_201' title='bbox 339 3123 416 3197; x_wconf 75' lang='lat' dir='ltr'>Quid</span> <span class='ocrx_word' id='word_1_202' title='bbox 439 3125 561 3183; x_wconf 86' lang='lat' dir='ltr'>Arctoas</span> <span class='ocrx_word' id='word_1_203' title='bbox 584 3143 685 3184; x_wconf 83' lang='lat' dir='ltr'>cerasa</span> <span class='ocrx_word' id='word_1_204' title='bbox 706 3125 893 3184; x_wconf 81' lang='lat' dir='ltr'>incendentia</span> <span class='ocrx_word' id='word_1_205' title='bbox 916 3124 1006 3183; x_wconf 85' lang='lat' dir='ltr'>silvas</span> 
     </span>
     <span class='ocr_line' id='line_1_32' title="bbox 213 3212 984 3291; baseline 0 -20"><span class='ocrx_word' id='word_1_206' title='bbox 213 3212 326 3271; x_wconf 72' lang='lat' dir='ltr'>Cortice</span> <span class='ocrx_word' id='word_1_207' title='bbox 348 3231 495 3290; x_wconf 90' lang='lat' dir='ltr'>purpureo</span> <span class='ocrx_word' id='word_1_208' title='bbox 518 3218 672 3291; x_wconf 81' lang='lat' dir='ltr'>castasque</span> <span class='ocrx_word' id='word_1_209' title='bbox 695 3215 828 3273; x_wconf 87' lang='lat' dir='ltr'>imitante</span> <span class='ocrx_word' id='word_1_210' title='bbox 851 3214 984 3290; x_wconf 84' lang='lat' dir='ltr'>puellas?</span> 
     </span>
     <span class='ocr_line' id='line_1_33' title="bbox 212 3302 928 3379; baseline 0.001 -18"><span class='ocrx_word' id='word_1_211' title='bbox 212 3302 332 3361; x_wconf 88' lang='lat' dir='ltr'>Persica</span> <span class='ocrx_word' id='word_1_212' title='bbox 354 3303 425 3379; x_wconf 90' lang='lat' dir='ltr'>quid</span> <span class='ocrx_word' id='word_1_213' title='bbox 447 3302 543 3361; x_wconf 81' lang='lat' dir='ltr'>dicam</span> <span class='ocrx_word' id='word_1_214' title='bbox 566 3308 666 3362; x_wconf 85' lang='lat' dir='ltr'>tenera</span> <span class='ocrx_word' id='word_1_215' title='bbox 688 3303 821 3362; x_wconf 87' lang='lat' dir='ltr'>canentia</span> <span class='ocrx_word' id='word_1_216' title='bbox 843 3303 928 3362; x_wconf 76' lang='lat' dir='ltr'>lana?</span> 
     </span>
    </p>

    <p class='ocr_par' dir='ltr' id='par_1_16' title="bbox 160 3390 1097 3646">
     <span class='ocr_line' id='line_1_34' title="bbox 212 3390 959 3468; baseline 0.004 -20"><span class='ocrx_word' id='word_1_217' title='bbox 212 3390 337 3468; x_wconf 89' lang='lat' dir='ltr'>Mespila</span> <span class='ocrx_word' id='word_1_218' title='bbox 360 3391 431 3468; x_wconf 88' lang='lat' dir='ltr'>quid</span> <span class='ocrx_word' id='word_1_219' title='bbox 454 3410 558 3467; x_wconf 88' lang='lat' dir='ltr'>regum</span> <span class='ocrx_word' id='word_1_220' title='bbox 582 3393 674 3451; x_wconf 87' lang='lat' dir='ltr'>claras</span> <span class='ocrx_word' id='word_1_221' title='bbox 697 3392 798 3451; x_wconf 83' lang='lat' dir='ltr'>indute</span> <span class='ocrx_word' id='word_1_222' title='bbox 821 3394 959 3451; x_wconf 84' lang='lat' dir='ltr'>coronas?</span> 
     </span>
     <span class='ocr_line' id='line_1_35' title="bbox 212 3480 1004 3558; baseline 0.004 -20"><span class='ocrx_word' id='word_1_223' title='bbox 212 3480 267 3540; x_wconf 89' lang='lat' dir='ltr'>His</span> <span class='ocrx_word' id='word_1_224' title='bbox 289 3486 323 3539; x_wconf 88' lang='lat' dir='ltr'>tu</span> <span class='ocrx_word' id='word_1_225' title='bbox 345 3480 498 3556; x_wconf 89' lang='lat' dir='ltr'>iuglandes</span> <span class='ocrx_word' id='word_1_226' title='bbox 521 3481 687 3558; x_wconf 87' lang='lat' dir='ltr'>corylisque</span> <span class='ocrx_word' id='word_1_227' title='bbox 709 3481 756 3540; x_wconf 90' lang='lat' dir='ltr'>his</span> <span class='ocrx_word' id='word_1_228' title='bbox 779 3481 855 3540; x_wconf 90' lang='lat' dir='ltr'>adde</span> <span class='ocrx_word' id='word_1_229' title='bbox 878 3481 1004 3541; x_wconf 89' lang='lat' dir='ltr'>minores</span> 
     </span>
     <span class='ocr_line' id='line_1_36' title="bbox 160 3569 1097 3646; baseline 0.005 -21"><span class='ocrx_word' id='word_1_230' title='bbox 160 3582 198 3623; x_wconf 83' lang='lat'>105</span> <span class='ocrx_word' id='word_1_231' title='bbox 214 3569 429 3646; x_wconf 83' lang='lat' dir='ltr'>Castaneasque</span> <span class='ocrx_word' id='word_1_232' title='bbox 453 3588 551 3644; x_wconf 86' lang='lat' dir='ltr'>nuces,</span> <span class='ocrx_word' id='word_1_233' title='bbox 579 3570 627 3630; x_wconf 92' lang='lat' dir='ltr'>hic</span> <span class='ocrx_word' id='word_1_234' title='bbox 653 3577 722 3629; x_wconf 89' lang='lat' dir='ltr'>sunt</span> <span class='ocrx_word' id='word_1_235' title='bbox 744 3570 952 3646; x_wconf 88' lang='lat' dir='ltr'>comprendere</span> <span class='ocrx_word' id='word_1_236' title='bbox 975 3572 1097 3645; x_wconf 84' lang='lat' dir='ltr'>fructus,</span> 
     </span>
    </p>
   </div>
   <div class='ocr_carea' id='block_1_3' title="bbox 0 0 1390 4274">
    <p class='ocr_par' dir='ltr' id='par_1_17' title="bbox 0 0 1390 4274">
     <span class='ocr_line' id='line_1_37' title="bbox 0 0 1390 4274; baseline 0 0"><span class='ocrx_word' id='word_1_237' title='bbox 0 0 1390 4274; x_wconf 95' lang='lat' dir='ltr'> </span> 
     </span>
    </p>
   </div>
  </div>
 </body>
</html>
