2760 4200
1152 397 1170 454 5

255 587 356 646 idiotis
379 587 457 646 idem
481 589 579 661 licere,
602 589 681 665 quod
702 607 827 666 aequum
841 591 937 649 dierat
951 589 1045 648 doctis
1058 595 1171 648 tantum

259 677 438 752 permittere.
484 675 547 750 Quo
577 677 607 735 in
636 696 743 752 genere
771 697 838 736 oum
866 679 998 736 odiosum
1022 679 1106 737 valde
1135 679 1172 738 sit

258 765 303 823 uti
326 766 478 842 exemplis,
505 772 571 824 tum
593 767 662 843 quia
684 767 735 844 qui
757 767 787 824 id
809 767 896 826 iaciat
918 785 976 826 non
999 767 1092 843 possit
1113 785 1171 826 non

258 854 357 912 haberi
381 859 535 930 suspectus
562 855 701 929 invidiae,
731 862 795 914 tum
825 857 903 932 quod
932 873 967 915 ea
993 857 1066 933 ipsa,
1095 875 1170 932 quae

222 955 240 995 o
255 954 317 1008 [aab]
332 943 433 1002 huius·
444 937 447 1027 J
459 943 572 1002 oemodi
582 950 658 1018 sunt,
668 962 789 1021 prorsus
802 944 923 1020 indigna
933 945 1048 1004 censeri
1057 945 1171 1019 debent,

258 1031 294 1090 de
317 1032 424 1108 quibus
447 1033 535 1091 anxia
558 1034 597 1091 sit
618 1033 799 1092 instituenda
825 1033 996 1109 disputatio,
1023 1034 1172 1092 abstinebo

257 1121 430 1194 nominibus,
454 1139 529 1197 quae
551 1139 705 1181 recensere
728 1141 820 1198 paene
833 1123 978 1180 infinitum
1001 1123 1047 1196 sit,
1065 1127 1094 1180 et
1106 1123 1172 1198 ipso

259 1210 343 1286 quasi
352 1227 458 1284 genere
469 1216 623 1269 contentus
634 1211 763 1286 speciem
772 1227 830 1269 non
839 1212 989 1286 attingam,
999 1211 1172 1287 praesertim
1224 1213 1226 1220 ’

258 1317 324 1357 oum
341 1299 419 1357 hunc
437 1299 534 1358 locum
549 1300 665 1376 copiose
681 1300 832 1358 doctorum
846 1301 1027 1376 quorundam
1042 1300 1172 1358 virorum

210 1399 239 1440 ro
258 1387 325 1446 stilo
339 1388 519 1463 exagitatum
534 1405 599 1447 esse
611 1389 727 1446 rideam
740 1406 795 1447 neo
808 1395 908 1448 tamen
923 1389 1016 1447 ullum
1030 1389 1171 1447 hactenus

258 1476 365 1534 adfemi
387 1483 438 1535 aut
457 1478 616 1552 excogitari
633 1478 697 1536 eius
711 1478 804 1536 morbi
817 1478 989 1536 remedium.
1026 1478 1088 1553 Ego
1101 1496 1171 1537 vero

258 1583 326 1623 cum
348 1565 380 1622 in
403 1566 457 1623 hac
480 1566 664 1624 ornatissima
680 1571 778 1625 vestra
799 1567 915 1625 civitate
937 1567 966 1624 id
991 1585 1115 1644 quoque,
1139 1571 1172 1625 ut

258 1673 311 1730 par
335 1661 388 1725 est,
411 1654 527 1730 legibus
550 1673 616 1714 esse
633 1661 751 1714 cautum
766 1655 888 1729 videam,
912 1659 1000 1714 utne
1019 1656 1085 1732 quis
1099 1656 1172 1715 iiber

257 1743 315 1801 nisi
344 1743 426 1819 prius
455 1745 491 1803 ab
522 1761 555 1802 eo
590 1745 705 1820 negotio
739 1745 897 1821 praefectis
929 1746 1106 1820 approbatus
1141 1744 1171 1802 in

226 1843 240 1883 ὀ
258 1831 354 1890 lucem
377 1832 508 1908 prodeat„
531 1851 589 1891 non
604 1851 724 1909 possum
739 1851 797 1892 non
810 1833 946 1892 admirari
959 1839 1087 1892 vesuam
1103 1851 1171 1892 cum

257 1921 287 1978 in
309 1921 539 1980 administranda
558 1940 590 1981 re
610 1923 728 1998 publica
745 1922 930 1998 prudentiam
947 1922 1085 1980 eximiam
1108 1927 1172 1980 tum

259 2009 436 2085 singularem
460 2010 491 2068 in
509 2011 698 2086 prohibendis
715 2011 800 2070 malis
815 2017 845 2069 et
857 2010 965 2086 ineptis
978 2010 1061 2068 libris
1076 2011 1172 2086 probi·

257 2104 355 2157 tatem.
387 2099 461 2157 Cum
475 2100 553 2157 enim
563 2099 634 2158 haec
648 2099 752 2158 civitas
766 2101 847 2158 velut
860 2099 1012 2175 exemplar
1026 2098 1171 2175 quoddam

257 2205 291 2246 ac
300 2187 403 2262 regula
411 2188 530 2247 vivendi
539 2189 781 2265 gubemandique
793 2207 841 2246 res
851 2188 983 2264 publicas
996 2188 1062 2245 aliis
1072 2188 1172 2247 multis

207 2286 239 2328 ao
258 2276 297 2334 sit
310 2276 466 2352 proposita,
481 2276 644 2352 periculum
658 2281 728 2350 erat,
743 2296 780 2336 ne
795 2277 820 2336 si
834 2277 965 2353 reliquae
978 2282 1081 2352 gentes
1095 2277 1171 2335 mala

258 2371 288 2423 et
302 2365 401 2441 inepta
416 2366 524 2442 scripta
538 2366 587 2424 hic
601 2367 701 2442 spargi
709 2365 852 2441 viderent,
869 2365 1037 2424 existimare
1051 2371 1172 2441 possent

258 2453 306 2512 hic
319 2459 399 2512 recta
413 2473 529 2530 quoque
544 2455 641 2513 studia
656 2455 813 2529 contemni,
830 2473 897 2513 oum
912 2460 1012 2513 contra
1025 2471 1172 2531 nusquam

140 2567 151 2582 ·
257 2542 410 2601 foveantur
433 2543 541 2601 maiore
564 2543 729 2620 diligentia3
752 2544 922 2619 utinamque
944 2543 1119 2619 respondeat
1142 2549 1172 2602 et

259 2649 422 2690 successus.
470 2630 653 2708 Quamquam
680 2633 735 2692 hoc
763 2633 882 2708 quidem
909 2632 939 2690 in
962 2639 1061 2691 vestra
1083 2651 1171 2691 manu

207 2729 239 2772 25
258 2737 315 2778 non
340 2728 410 2794 erat,
434 2721 484 2798 qui
508 2721 728 2780 conlabentibus
751 2721 862 2798 passim
880 2721 1044 2780 litterarum
1066 2721 1172 2780 studiis

259 2809 393 2867 instituta
421 2810 468 2868 hic
496 2811 610 2884 magnis
639 2811 803 2887 sumptibus
832 2809 931 2869 schola
959 2811 1076 2886 publica
1098 2812 1172 2869 bene

259 2898 426 2956 consultum
450 2899 592 2957 voluistis.
639 2900 733 2976 Culpa
760 2906 924 2975 temporum
951 2899 1093 2958 hactenus
1117 2899 1172 2958 fuit

256 2986 288 3044 in
302 3005 398 3060 causa,
416 2987 574 3063 quominus
591 2989 729 3047 florerent
741 3005 795 3064 per
810 2986 995 3046 Germaniam
1011 2989 1059 3046 vel
1072 2993 1172 3047 vetera

257 3075 305 3134 vel
328 3093 403 3134 nova
425 3077 586 3151 gymnasia.
622 3076 703 3150 Quae
716 3083 813 3136 tamen
828 3077 915 3153 culpa
930 3094 1032 3135 vereor
1046 3095 1084 3135 ne
1098 3075 1171 3136 adeo

206 3175 239 3216 so
257 3163 287 3222 in
311 3171 406 3224 semet
427 3165 520 3241 ipsam
546 3165 584 3224 sit
598 3166 734 3239 recisum,
759 3172 792 3225 ut
805 3165 892 3224 certis
906 3165 1062 3224 admodum
1078 3165 1171 3240 signis

257 3253 389 3312 divinare
402 3254 491 3313 liceat
504 3255 585 3312 brevi
595 3260 725 3330 tempore
734 3255 804 3328 iore,
817 3261 851 3313 ut
860 3254 1010 3313 doctorum
1020 3254 1172 3313 hominum

257 3342 380 3418 penmia
408 3343 540 3402 civitates
564 3361 598 3402 ac
620 3361 667 3402 res
690 3344 824 3420 publicae
847 3361 947 3402 omnes
970 3343 1017 3402 vel
1043 3343 1171 3403 maxime

257 3431 458 3506 periclitentur
489 3449 523 3490 ac
556 3433 695 3491 laborent.
748 3427 834 3492 Ἀλλὰ
862 3431 965 3492 ταῦτα
994 3433 1052 3504 μὲν
1082 3426 1172 3505 ἐκτὸς

257 3521 358 3596 χοροῦ
366 3539 372 3578 :
391 3521 491 3597 itaque
511 3528 640 3580 revertar
653 3521 691 3580 ad
705 3539 776 3580 rem.
805 3520 868 3596 Ego
878 3521 1022 3598 quamvis,
1037 3527 1070 3580 ut
1083 3522 1172 3597 paulo

206 3620 238 3661 ³5
257 3615 324 3668 ante
356 3609 504 3683 dicebam,
544 3612 742 3669 stomachatus
780 3629 858 3669 eram
891 3609 977 3670 valde
1014 3610 1172 3670 ridiculosa
