2770 4274
246 374 287 431 36
552 389 693 444 rosanus,
716 388 892 430 romenei.

296 567 371 627 Inde
394 585 496 626 oanam
518 565 617 642 potius
639 583 714 644 quae
736 565 805 642 plus
827 564 964 625 habuisse
986 565 1092 624 farem

297 655 337 715 Et
358 655 457 714 minus
478 655 604 714 invidiae
626 654 754 732 possint:
778 672 856 713 nuno
878 659 981 730 coepta
1003 671 1167 731 sequemur.

560 885 685 944 Forum
708 885 906 946 maximum.

299 1011 362 1071 Iam
384 1012 447 1070 fora
469 1011 548 1070 civili
571 1010 596 1069 si
619 1028 779 1088 prosequar
801 1010 899 1070 omnia
920 1027 1018 1083 versu,

245 1113 285 1154 ers
298 1099 334 1160 In
357 1099 464 1177 quibus
486 1100 534 1160 hie
556 1100 684 1176 populus
707 1100 824 1159 diversa
846 1099 962 1174 negotia
983 1103 1096 1171 traetat,

167 1197 170 1203 ’
299 1187 454 1248 Offendam
475 1187 606 1266 placidas
629 1188 727 1247 nimiis
749 1187 921 1264 ambagibus
944 1204 1043 1246 aures:

299 1277 365 1337 Non
388 1277 457 1354 quia
475 1295 532 1336 non
551 1277 671 1336 meritae
690 1276 749 1336 sint
766 1295 818 1336 eae
836 1294 952 1353 quoque
970 1277 1088 1335 nomina
1105 1280 1214 1352 partes

300 1365 360 1427 Sed
382 1365 452 1443 quia
474 1366 512 1426 de
534 1365 637 1424 multis
659 1384 714 1441 ego
738 1366 867 1426 seribere
888 1383 982 1442 panea
1005 1365 1147 1424 volebam.
1169 1431 1170 1436 η

299 1454 380 1529 Quas
402 1473 471 1513 oum
493 1460 539 1514 ter
560 1455 616 1514 tria
639 1454 705 1528 sint,
729 1455 767 1513 de
789 1460 835 1512 ter
856 1454 949 1512 tribus
972 1453 1077 1513 attinet
1100 1471 1192 1512 unum

245 1557 285 1598 sae
299 1544 413 1618 Dicere,
436 1543 522 1620 quod,
545 1543 666 1620 reliquis
689 1562 757 1602 eram
781 1543 819 1602 sit
841 1543 1008 1619 spatiosius,
1031 1543 1096 1619 ipso

298 1633 453 1692 Praevalet
475 1633 530 1691 hoe
552 1632 650 1704 etiam,
674 1633 752 1709 quod
775 1637 807 1691 et
827 1639 874 1691 est
896 1631 1054 1708 pretiosius
1078 1631 1156 1690 omni

300 1721 405 1781 Cultus
428 1720 545 1780 luxuria
568 1739 724 1797 rerumque
746 1720 929 1798 frequentius
951 1738 1017 1779 usu.

300 1810 391 1869 Cuius
413 1809 450 1869 ad
473 1810 612 1886 aequales
635 1809 836 1887 quadrangula
857 1809 935 1868 linea
957 1815 1055 1886 partes

300 1899 424 1958 Ducitur
446 1898 560 1975 aequali
583 1898 677 1975 spatio
701 1899 757 1957 sibi
779 1898 884 1957 dissita
905 1899 942 1958 ab
965 1899 1044 1957 omni

247 2000 286 2041 aas
299 1987 422 2048 Limite:
446 1988 489 2046 sie
512 1987 654 2065 quadrata
675 1987 729 2046 fori
753 1988 787 2045 fit
808 1988 901 2046 forms
923 1987 1050 2063 patentis

301 2076 416 2154 Terque
438 2082 599 2154 quaterque
617 2076 721 2136 decem
738 2094 844 2152 passus
861 2076 912 2134 vel
933 2076 1002 2152 plus
1020 2076 1118 2133 nunus
1136 2076 1215 2134 omni

299 2165 388 2225 Parte
411 2165 466 2238 sui,
489 2165 591 2242 spatiis
613 2170 674 2224 tam
697 2165 865 2240 ingentibus
886 2183 955 2224 area
977 2165 1109 2241 quadrat.

301 2253 374 2312 Tam
396 2254 521 2313 celebris
544 2273 603 2313 non
626 2271 720 2330 pauea
741 2254 796 2312 fori
819 2253 992 2313 commercia
1015 2271 1133 2330 possem

301 2342 333 2404 Si
355 2360 508 2402 numerare
531 2343 630 2416 velim,
654 2361 730 2420 quae
752 2342 833 2418 vulgi
856 2343 985 2419 postulat
1008 2360 1089 2415 nsua,

247 2445 287 2486 seo
301 2430 406 2491 Omnia
428 2449 503 2508 quae
525 2433 634 2508 populo
657 2430 832 2504 venduntur,
855 2437 1000 2505 emuntur,
1023 2436 1152 2506 aguntur

249 2532 298 2586 [tia]
319 2520 355 2579 In
378 2520 476 2580 medio
499 2526 642 2580 conventa
663 2522 734 2594 foro,
758 2520 836 2597 quod
860 2525 992 2596 tempore
1015 2520 1095 2578 nullo

302 2609 407 2668 Cessat
427 2614 459 2668 et
479 2610 582 2668 insano
605 2610 739 2686 strepitat
761 2627 852 2685 prope
874 2626 1025 2668 murmure
1048 2609 1151 2668 turbae

301 2698 429 2757 Assidue
451 2698 585 2758 coeuntis
608 2704 639 2758 et
659 2699 736 2758 inter
758 2715 824 2758 sese
846 2698 992 2774 agitantia,

301 2786 467 2865 Magnaque
490 2806 638 2865 parvaque
660 2789 738 2847 taeta
759 2787 866 2846 intentu
889 2787 1006 2862 negotia
1027 2804 1133 2845 rerum.

248 2889 288 2930 ssa
302 2875 383 2934 Milia
405 2880 449 2936 tot
470 2877 600 2953 capitum
623 2877 705 2936 nulle
727 2893 786 2934 non
808 2893 900 2952 paene
922 2877 1037 2934 dierum

303 2965 489 3025 Conveniunt
511 2966 636 3043 strepitu
658 2971 739 3025 tanto
761 2965 875 3024 ierv'ore
898 2965 1016 3037 lorensi,

302 3054 345 3113 Vt
367 3054 393 3114 si
416 3055 463 3114 oui
486 3055 534 3114 vel
557 3073 645 3132 apum
668 3055 757 3113 libeat
778 3071 952 3130 somponere
974 3053 1076 3112 densis

303 3143 487 3220 Agminibm,
510 3162 578 3202 oum
600 3149 661 3202 tota
684 3143 747 3201 suis
770 3143 907 3202 examina
928 3142 1005 3201 lueis

304 3232 567 3307 Oonglomerantur
588 3236 618 3291 et
639 3231 767 3291 arboreis
789 3232 820 3289 in
842 3231 994 3291 frondibus
1017 3231 1146 3303 haerent,

249 3334 290 3375 sao
302 3320 361 3380 Vel
382 3321 569 3380 formicarum
592 3339 682 3380 verno
706 3321 761 3380 sub
784 3321 847 3379 sole
869 3320 990 3380 terenda

302 3409 380 3493 lliole
402 3409 587 3468 laborantum
608 3409 712 3483 turbis,
734 3427 792 3468 non
814 3408 918 3468 frivola
939 3414 1050 3485 penest,

302 3497 368 3558 Non
391 3497 480 3558 etism
503 3497 594 3558 simili
615 3516 674 3558 non
696 3498 791 3575 possit
811 3498 939 3574 imagine
962 3497 1021 3558 diei

302 3586 384 3646 Vsus
408 3592 438 3646 et
459 3587 593 3664 apposita
616 3605 678 3648 rem
701 3587 919 3647 demonstrasse
941 3587 1045 3662 figura,
