2770 4274
271 369 312 427 62
549 385 743 440 prosumnus,
766 385 950 427 rnmvsorcl.

322 562 407 636 Quod
429 568 480 622 tuo
502 580 559 621 nou
583 563 701 639 sapiens
723 563 851 640 peccarit
872 563 903 622 iu
926 563 1008 638 orgia
1030 563 1189 636 Pentheus,

368 652 499 711 Membra
522 669 592 710 suae
615 652 702 711 matri
724 652 910 711 dilaceranda
936 652 1025 710 dedit.

323 741 370 801 Sis
393 759 534 818 praeseus
556 741 719 818 laticesque
741 758 833 799 novos
855 746 1008 817 terraeque
1030 759 1163 800 cmorem

367 830 403 888 Iu
425 847 557 906 gemmas
580 829 716 906 Zephyro
739 830 828 888 flante
851 829 975 888 refunde
998 831 1103 888 novas!

281 930 308 972 85
323 929 382 984 [ars]
401 919 537 995 Accipies
560 918 700 995 pinguem
724 919 863 995 spectatis
886 918 1023 977 cornibus
1046 919 1170 990 hircum,

367 1006 495 1066 Victima
517 1008 599 1066 nulla
621 1007 675 1067 tibi
697 1007 807 1082 gratior
830 1023 897 1066 esse
920 1012 1024 1084 potest.

323 1096 405 1155 'falia
427 1096 544 1155 Lenaeo
568 1101 684 1155 veteres
706 1096 839 1155 cecinere
862 1101 973 1172 poetae,

367 1185 473 1244 Dicere
496 1204 571 1262 quae
594 1185 742 1262 quondam
764 1185 850 1243 nenia
873 1203 959 1243 nemo
981 1185 1063 1243 velit.

324 1276 363 1333 At
384 1274 599 1349 Methymnaeis
622 1279 773 1350 praestant
795 1273 892 1332 vineta
914 1274 1048 1345 racemis,

281 1374 309 1416 90
368 1362 443 1422 sum
466 1364 526 1422 sint
547 1363 677 1422 Alsatioo
700 1363 878 1439 proximiora
901 1362 971 1421 solo.

323 1452 450 1510 Massica
472 1471 564 1512 nemo
583 1453 654 1511 velit
677 1452 721 1510 sic
744 1452 857 1524 tollere,
880 1469 967 1510 nemo
990 1451 1153 1524 Falernum,

367 1541 480 1600 Debeat
502 1547 535 1599 ut
557 1547 657 1600 nostro
680 1559 738 1599 non
761 1541 854 1599 semel
878 1557 944 1599 esse
967 1540 1059 1598 locus.

322 1629 396 1688 Inde
419 1649 474 1706 per
496 1630 674 1689 immensum
698 1629 826 1705 spatium
850 1629 1025 1687 diffirnditnr
1047 1647 1159 1701 arvum,

368 1718 455 1778 Vnde
479 1719 570 1777 Geren
593 1719 709 1793 frugem
732 1718 856 1793 conligit
877 1719 955 1776 alma
978 1735 1069 1776 suam.

281 1819 309 1859 ⁹5
322 1807 438 1866 Horrea
459 1808 605 1866 fruniento
628 1807 781 1884 replentur
802 1807 877 1865 farta
900 1807 1069 1883 quotannis;

367 1897 447 1955 Haeo
469 1896 578 1955 etenim
601 1901 679 1954 terra
701 1901 748 1954 est
770 1895 917 1954 messibus
940 1900 1009 1972 epta
1031 1895 1127 1968 nimis,

323 1985 364 2044 Vt
386 1991 536 2062 praestare
559 1985 648 2043 etiam
671 1985 785 2044 Siculos
808 1985 961 2043 videamur
983 1983 1081 2043 aristis

367 2074 532 2150 Pinguibus
554 2073 699 2133 immensa
721 2073 871 2133 fertilitate
893 2073 958 2132 loci.

321 2163 387 2222 Hac
410 2168 479 2222 sunt
501 2163 700 2239 Hesperidum
722 2163 871 2221 rutilantia
893 2180 984 2238 paene
1007 2180 1148 2235 sororum,

269 2262 309 2304 100
366 2252 440 2311 lllac
462 2252 576 2311 Alcinoi
599 2251 680 2327 regia
703 2258 805 2328 saepta
826 2251 919 2310 ducis.

322 2342 404 2400 Haeo
426 2341 503 2400 intra
526 2341 618 2400 muris
641 2342 712 2399 urbs
734 2346 780 2400 est
803 2344 955 2399 exstructa
978 2340 1113 2416 superbis

367 2430 407 2489 Et
429 2430 516 2490 fossis
540 2430 651 2488 circum
674 2435 738 2488 tuta
761 2429 884 2489 subinde
908 2429 979 2502 suis,

323 2518 466 2578 Turribus
488 2519 611 2577 hostiles
634 2519 800 2595 propellere
823 2536 914 2593 gnara
936 2522 1077 2591 tyrannos

368 2608 593 2684 Tormentisque
616 2625 723 2684 gisnes
745 2607 890 2666 eiaculare
913 2607 1024 2682 globos.

270 2707 309 2748 10⁵
322 2697 378 2756 Est
400 2697 480 2756 intus
505 2697 608 2756 validis
631 2697 718 2771 longe
741 2696 902 2756 clarissima
924 2696 1011 2754 tectis

367 2785 407 2844 ut
428 2786 546 2862 templis
569 2786 695 2844 multum
718 2785 869 2845 nobilitata
891 2785 988 2843 deum.

270 2885 330 2940 [nra]
350 2874 382 2933 Si
404 2893 566 2934 memorare
589 2874 678 2933 velim
701 2892 816 2932 summo
838 2875 903 2932 looa
925 2891 1008 2932 sacra
1030 2873 1150 2945 tonanti,

367 2963 428 3022 Vix
450 2964 545 3022 ullum
568 2967 708 3039 caperent
729 2963 851 3022 forsitan
874 2980 941 3021 orsa
963 2963 1099 3021 modum:

323 3053 379 3112 'lot
401 3071 484 3112 sacra
506 3058 575 3112 sunt
597 3052 733 3128 delubre3
756 3053 840 3111 locus
863 3052 915 3109 vix
938 3052 1066 3110 sanctior
1087 3068 1222 3128 usquam,

271 3154 310 3196 no
367 3141 454 3200 Vnde
477 3143 618 3218 frequens
641 3141 724 3200 audit
746 3141 877 3199 conditor
900 3141 965 3217 ipse
988 3141 1090 3199 melos.

324 3231 467 3290 Continuo
490 3231 560 3288 ordo
584 3248 668 3289 sacer
690 3229 770 3289 vario
793 3229 950 3288 distinctus
973 3229 1082 3288 amictu

367 3319 466 3379 Vertit
488 3320 525 3379 ad
548 3337 669 3378 arcanos
692 3319 819 3393 mystica
841 3337 924 3378 sacra
945 3320 1034 3378 iocos.

324 3409 399 3468 Sunt
420 3414 539 3468 tenerae
562 3426 637 3484 quae
659 3413 814 3467 cesserunt
835 3407 866 3466 in
889 3413 956 3466 vota
978 3407 1103 3483 puellae,

367 3497 432 3557 Nou
455 3503 554 3556 tamen
577 3497 608 3555 in
630 3497 741 3570 laudes,
765 3496 856 3574 impia
879 3497 979 3570 Vesta,
1002 3501 1077 3555 tues.

270 3599 309 3640 115
323 3586 407 3644 Vana
429 3591 548 3646 auctore
571 3586 681 3645 etenim
704 3586 875 3644 ceciderunt
897 3586 1016 3644 numine
1039 3584 1155 3644 Christo
