<?xml version="1.0" encoding="UTF-8"?>
<!DOCTYPE html PUBLIC "-//W3C//DTD XHTML 1.0 Transitional//EN"
    "http://www.w3.org/TR/xhtml1/DTD/xhtml1-transitional.dtd">
<html xmlns="http://www.w3.org/1999/xhtml" xml:lang="en" lang="en">
 <head>
  <title>
</title>
<meta http-equiv="Content-Type" content="text/html;charset=utf-8" />
  <meta name='ocr-system' content='tesseract 3.04.00' />
  <meta name='ocr-capabilities' content='ocr_page ocr_carea ocr_par ocr_line ocrx_word'/>
</head>
<body>
  <div class='ocr_page' id='page_1' title='image "./helivseobanvshe00neffgoog_0118.png"; bbox 0 0 2770 4274; ppageno 0'>
   <div class='ocr_carea' id='block_1_1' title="bbox 1096 325 1138 383">
    <p class='ocr_par' dir='ltr' id='par_1_1' title="bbox 1096 325 1138 383">
     <span class='ocr_line' id='line_1_1' title="bbox 1096 325 1138 383; baseline -0.024 0"><span class='ocrx_word' id='word_1_1' title='bbox 1096 325 1138 383; x_wconf 85' lang='lat'>59</span> 
     </span>
    </p>
   </div>
   <div class='ocr_carea' id='block_1_2' title="bbox 180 518 1139 1571">
    <p class='ocr_par' dir='ltr' id='par_1_2' title="bbox 180 518 1139 1571">
     <span class='ocr_line' id='line_1_2' title="bbox 224 518 1139 596; baseline -0.001 -18"><span class='ocrx_word' id='word_1_2' title='bbox 224 518 407 596; x_wconf 83' lang='lat' dir='ltr'><strong>Quamquam</strong></span> <span class='ocrx_word' id='word_1_3' title='bbox 430 519 497 592; x_wconf 81' lang='lat' dir='ltr'>sint,</span> <span class='ocrx_word' id='word_1_4' title='bbox 520 519 572 595; x_wconf 88' lang='lat' dir='ltr'>qui</span> <span class='ocrx_word' id='word_1_5' title='bbox 595 519 692 578; x_wconf 92' lang='lat' dir='ltr'>minus</span> <span class='ocrx_word' id='word_1_6' title='bbox 715 520 846 596; x_wconf 71' lang='lat' dir='ltr'>probent,</span> <span class='ocrx_word' id='word_1_7' title='bbox 869 519 946 596; x_wconf 84' lang='lat' dir='ltr'>quod</span> <span class='ocrx_word' id='word_1_8' title='bbox 960 518 1139 578; x_wconf 83' lang='lat' dir='ltr'>cumulatius</span> 
     </span>
     <span class='ocr_line' id='line_1_3' title="bbox 223 607 1138 684; baseline 0 -18"><span class='ocrx_word' id='word_1_9' title='bbox 223 610 326 668; x_wconf 88' lang='lat' dir='ltr'>urbem</span> <span class='ocrx_word' id='word_1_10' title='bbox 348 627 415 667; x_wconf 91' lang='lat' dir='ltr'>cum</span> <span class='ocrx_word' id='word_1_11' title='bbox 439 608 621 667; x_wconf 87' lang='lat' dir='ltr'>senatoribus</span> <span class='ocrx_word' id='word_1_12' title='bbox 645 627 733 684; x_wconf 89' lang='lat' dir='ltr'>quam</span> <span class='ocrx_word' id='word_1_13' title='bbox 748 608 926 667; x_wconf 76' lang='lat' dir='ltr'>academiam</span> <span class='ocrx_word' id='word_1_14' title='bbox 941 607 1138 683; x_wconf 65' lang='lat' dir='ltr'>laudaverim</span> 
     </span>
     <span class='ocr_line' id='line_1_4' title="bbox 223 696 1138 775; baseline -0.001 -19"><span class='ocrx_word' id='word_1_15' title='bbox 223 703 311 775; x_wconf 87' lang='lat' dir='ltr'>atque</span> <span class='ocrx_word' id='word_1_16' title='bbox 326 697 463 756; x_wconf 84' lang='lat' dir='ltr'>nesciunt</span> <span class='ocrx_word' id='word_1_17' title='bbox 480 697 518 771; x_wconf 84' lang='lat' dir='ltr'>hi,</span> <span class='ocrx_word' id='word_1_18' title='bbox 538 715 626 773; x_wconf 88' lang='lat' dir='ltr'>quam</span> <span class='ocrx_word' id='word_1_19' title='bbox 645 697 725 756; x_wconf 86' lang='lat' dir='ltr'>urbis</span> <span class='ocrx_word' id='word_1_20' title='bbox 739 696 955 772; x_wconf 86' lang='lat' dir='ltr'>magnificentia</span> <span class='ocrx_word' id='word_1_21' title='bbox 968 697 1138 756; x_wconf 81' lang='lat' dir='ltr'>litterariam</span> 
     </span>
     <span class='ocr_line' id='line_1_5' title="bbox 224 785 1138 862; baseline -0.001 -18"><span class='ocrx_word' id='word_1_22' title='bbox 224 787 398 862; x_wconf 65' lang='lat' dir='ltr'>palaestram</span> <span class='ocrx_word' id='word_1_23' title='bbox 422 785 530 846; x_wconf 84' lang='lat' dir='ltr'>deceat.</span> <span class='ocrx_word' id='word_1_24' title='bbox 560 785 652 846; x_wconf 82' lang='lat' dir='ltr'>Vobis</span> <span class='ocrx_word' id='word_1_25' title='bbox 674 791 774 844; x_wconf 89' lang='lat' dir='ltr'>autem</span> <span class='ocrx_word' id='word_1_26' title='bbox 796 785 827 843; x_wconf 93' lang='lat' dir='ltr'>id</span> <span class='ocrx_word' id='word_1_27' title='bbox 850 785 980 844; x_wconf 86' lang='lat' dir='ltr'>muneris</span> <span class='ocrx_word' id='word_1_28' title='bbox 1000 790 1138 862; x_wconf 88' lang='lat' dir='ltr'>tanquam</span> 
     </span>
     <span class='ocr_line' id='line_1_6' title="bbox 192 874 1138 951; baseline 0.003 -22"><span class='ocrx_word' id='word_1_29' title='bbox 192 887 450 950; x_wconf 77' lang='lat' dir='ltr'>omnemosynmn</span> <span class='ocrx_word' id='word_1_30' title='bbox 472 875 637 951; x_wconf 83' lang='lat' dir='ltr'>relinquere</span> <span class='ocrx_word' id='word_1_31' title='bbox 660 874 748 949; x_wconf 83' lang='lat' dir='ltr'>volui,</span> <span class='ocrx_word' id='word_1_32' title='bbox 776 881 817 947; x_wconf 86' lang='lat' dir='ltr'>ut,</span> <span class='ocrx_word' id='word_1_33' title='bbox 846 875 872 932; x_wconf 91' lang='lat' dir='ltr'>si</span> <span class='ocrx_word' id='word_1_34' title='bbox 894 876 968 933; x_wconf 83' lang='lat' dir='ltr'>forte</span> <span class='ocrx_word' id='word_1_35' title='bbox 991 874 1138 950; x_wconf 83' lang='lat' dir='ltr'>quispiam</span> 
     </span>
     <span class='ocr_line' id='line_1_7' title="bbox 223 963 1139 1022; baseline 0 0"><span class='ocrx_word' id='word_1_36' title='bbox 223 964 354 1022; x_wconf 87' lang='lat' dir='ltr'>nasutior</span> <span class='ocrx_word' id='word_1_37' title='bbox 381 963 568 1022; x_wconf 81' lang='lat' dir='ltr'>cavillaretur</span> <span class='ocrx_word' id='word_1_38' title='bbox 594 982 641 1022; x_wconf 90' lang='lat' dir='ltr'>me</span> <span class='ocrx_word' id='word_1_39' title='bbox 668 964 699 1021; x_wconf 90' lang='lat' dir='ltr'>in</span> <span class='ocrx_word' id='word_1_40' title='bbox 722 963 876 1022; x_wconf 87' lang='lat' dir='ltr'>minutulis</span> <span class='ocrx_word' id='word_1_41' title='bbox 900 963 1023 1021; x_wconf 89' lang='lat' dir='ltr'>nimimn</span> <span class='ocrx_word' id='word_1_42' title='bbox 1045 963 1139 1022; x_wconf 83' lang='lat' dir='ltr'>fuisse</span> 
     </span>
     <span class='ocr_line' id='line_1_8' title="bbox 225 1053 1139 1127; baseline -0.001 -16"><span class='ocrx_word' id='word_1_43' title='bbox 225 1053 387 1126; x_wconf 84' lang='lat' dir='ltr'>curiosum⁷</span> <span class='ocrx_word' id='word_1_44' title='bbox 416 1053 546 1112; x_wconf 87' lang='lat' dir='ltr'>animum</span> <span class='ocrx_word' id='word_1_45' title='bbox 574 1053 677 1112; x_wconf 87' lang='lat' dir='ltr'>saltem</span> <span class='ocrx_word' id='word_1_46' title='bbox 700 1070 800 1112; x_wconf 91' lang='lat' dir='ltr'>meum</span> <span class='ocrx_word' id='word_1_47' title='bbox 824 1053 971 1111; x_wconf 85' lang='lat' dir='ltr'>sincerum</span> <span class='ocrx_word' id='word_1_48' title='bbox 994 1070 1064 1127; x_wconf 86' lang='lat' dir='ltr'>erga</span> <span class='ocrx_word' id='word_1_49' title='bbox 1086 1069 1139 1110; x_wconf 85' lang='lat' dir='ltr'>vos</span> 
     </span>
     <span class='ocr_line' id='line_1_9' title="bbox 223 1140 1138 1218; baseline -0.001 -19"><span class='ocrx_word' id='word_1_50' title='bbox 223 1141 388 1217; x_wconf 87' lang='lat' dir='ltr'>agnoscatis</span> <span class='ocrx_word' id='word_1_51' title='bbox 424 1159 473 1215; x_wconf 87' lang='lat' dir='ltr'>eo,</span> <span class='ocrx_word' id='word_1_52' title='bbox 506 1141 584 1218; x_wconf 89' lang='lat' dir='ltr'>quod</span> <span class='ocrx_word' id='word_1_53' title='bbox 615 1142 645 1199; x_wconf 94' lang='lat' dir='ltr'>in</span> <span class='ocrx_word' id='word_1_54' title='bbox 683 1141 811 1199; x_wconf 90' lang='lat' dir='ltr'>minimis</span> <span class='ocrx_word' id='word_1_55' title='bbox 848 1159 965 1218; x_wconf 85' lang='lat' dir='ltr'>quoque</span> <span class='ocrx_word' id='word_1_56' title='bbox 1005 1140 1138 1199; x_wconf 90' lang='lat' dir='ltr'>nonnihil</span> 
     </span>
     <span class='ocr_line' id='line_1_10' title="bbox 223 1229 1138 1306; baseline -0.001 -18"><span class='ocrx_word' id='word_1_57' title='bbox 223 1230 421 1306; x_wconf 88' lang='lat' dir='ltr'>impensarum</span> <span class='ocrx_word' id='word_1_58' title='bbox 448 1230 603 1306; x_wconf 82' lang='lat' dir='ltr'>insumpsi.</span> <span class='ocrx_word' id='word_1_59' title='bbox 644 1229 748 1306; x_wconf 83' lang='lat' dir='ltr'>Neque</span> <span class='ocrx_word' id='word_1_60' title='bbox 771 1247 840 1288; x_wconf 87' lang='lat' dir='ltr'>vem</span> <span class='ocrx_word' id='word_1_61' title='bbox 863 1230 1012 1288; x_wconf 84' lang='lat' dir='ltr'>Maronem</span> <span class='ocrx_word' id='word_1_62' title='bbox 1041 1229 1138 1288; x_wconf 85' lang='lat' dir='ltr'>statim</span> 
     </span>
     <span class='ocr_line' id='line_1_11' title="bbox 180 1318 1139 1393; baseline 0.004 -21"><span class='ocrx_word' id='word_1_63' title='bbox 180 1331 304 1378; x_wconf 87' lang='lat' dir='ltr'>marma</span> <span class='ocrx_word' id='word_1_64' title='bbox 326 1319 423 1376; x_wconf 87' lang='lat' dir='ltr'>virmn</span> <span class='ocrx_word' id='word_1_65' title='bbox 451 1319 596 1378; x_wconf 80' lang='lat' dir='ltr'>cecinisse</span> <span class='ocrx_word' id='word_1_66' title='bbox 624 1324 752 1377; x_wconf 81' lang='lat' dir='ltr'>constat:</span> <span class='ocrx_word' id='word_1_67' title='bbox 780 1324 844 1376; x_wconf 89' lang='lat' dir='ltr'>tum</span> <span class='ocrx_word' id='word_1_68' title='bbox 872 1319 990 1377; x_wconf 87' lang='lat' dir='ltr'>demum</span> <span class='ocrx_word' id='word_1_69' title='bbox 1012 1318 1049 1376; x_wconf 90' lang='lat' dir='ltr'>ad</span> <span class='ocrx_word' id='word_1_70' title='bbox 1073 1336 1139 1393; x_wconf 83' lang='lat' dir='ltr'>gra-</span> 
     </span>
     <span class='ocr_line' id='line_1_12' title="bbox 224 1407 1139 1482; baseline -0.002 -16"><span class='ocrx_word' id='word_1_71' title='bbox 224 1408 305 1466; x_wconf 82' lang='lat' dir='ltr'>viora</span> <span class='ocrx_word' id='word_1_72' title='bbox 326 1408 458 1466; x_wconf 88' lang='lat' dir='ltr'>animum</span> <span class='ocrx_word' id='word_1_73' title='bbox 480 1408 577 1481; x_wconf 86' lang='lat' dir='ltr'>flexit,</span> <span class='ocrx_word' id='word_1_74' title='bbox 603 1426 671 1466; x_wconf 88' lang='lat' dir='ltr'>cum</span> <span class='ocrx_word' id='word_1_75' title='bbox 694 1409 863 1482; x_wconf 84' lang='lat' dir='ltr'>Augustum</span> <span class='ocrx_word' id='word_1_76' title='bbox 886 1414 917 1466; x_wconf 88' lang='lat' dir='ltr'>et</span> <span class='ocrx_word' id='word_1_77' title='bbox 939 1407 1139 1466; x_wconf 81' lang='lat' dir='ltr'>Maecenatem</span> 
     </span>
     <span class='ocr_line' id='line_1_13' title="bbox 224 1495 1139 1571; baseline 0 -17"><span class='ocrx_word' id='word_1_78' title='bbox 224 1497 339 1556; x_wconf 87' lang='lat' dir='ltr'>felicius</span> <span class='ocrx_word' id='word_1_79' title='bbox 358 1497 458 1556; x_wconf 90' lang='lat' dir='ltr'>sensit.</span> <span class='ocrx_word' id='word_1_80' title='bbox 482 1496 595 1556; x_wconf 85' lang='lat' dir='ltr'>Valete.</span> <span class='ocrx_word' id='word_1_81' title='bbox 628 1497 768 1570; x_wconf 71' lang='lat' dir='ltr'>Basileaa</span> <span class='ocrx_word' id='word_1_82' title='bbox 790 1496 826 1555; x_wconf 89' lang='grc' dir='ltr'>Κ.</span> <span class='ocrx_word' id='word_1_83' title='bbox 841 1498 917 1571; x_wconf 88' lang='lat' dir='ltr'>Aug.</span> <span class='ocrx_word' id='word_1_84' title='bbox 931 1515 1006 1555; x_wconf 89' lang='lat' dir='ltr'>anno</span> <span class='ocrx_word' id='word_1_85' title='bbox 1020 1495 1139 1554; x_wconf 89' lang='lat' dir='ltr'>Domini</span> 
     </span>
    </p>
   </div>
   <div class='ocr_carea' id='block_1_3' title="bbox 223 1585 348 1644">
    <p class='ocr_par' dir='ltr' id='par_1_3' title="bbox 223 1585 348 1644">
     <span class='ocr_line' id='line_1_14' title="bbox 223 1585 348 1644; baseline 0 0"><span class='ocrx_word' id='word_1_86' title='bbox 223 1585 348 1644; x_wconf 87' lang='lat' dir='ltr'>MDXV.</span> 
     </span>
    </p>
   </div>
   <div class='ocr_carea' id='block_1_4' title="bbox 179 1975 1139 2161">
    <p class='ocr_par' dir='ltr' id='par_1_4' title="bbox 179 1975 1139 2161">
     <span class='ocr_line' id='line_1_15' title="bbox 179 1975 1112 2053; baseline 0.004 -23"><span class='ocrx_word' id='word_1_87' title='bbox 179 1986 239 2042; x_wconf 73' lang='lat' dir='ltr'>[aab]</span> <span class='ocrx_word' id='word_1_88' title='bbox 263 1977 422 2053; x_wconf 90' lang='lat' dir='ltr'>Philippi</span> <span class='ocrx_word' id='word_1_89' title='bbox 445 1977 704 2053; x_wconf 83' lang='lat' dir='ltr'>Engelbrechti</span> <span class='ocrx_word' id='word_1_90' title='bbox 728 1977 921 2052; x_wconf 79' lang='lat' dir='ltr'>Engentini</span> <span class='ocrx_word' id='word_1_91' title='bbox 945 1975 1112 2053; x_wconf 82' lang='lat' dir='ltr'>Epistula</span> 
     </span>
     <span class='ocr_line' id='line_1_16' title="bbox 222 2083 1139 2161; baseline 0 -20"><span class='ocrx_word' id='word_1_92' title='bbox 222 2083 506 2144; x_wconf 81' lang='lat' dir='ltr'>florentissimae</span> <span class='ocrx_word' id='word_1_93' title='bbox 521 2085 621 2143; x_wconf 89' lang='lat' dir='ltr'>urbis</span> <span class='ocrx_word' id='word_1_94' title='bbox 635 2084 803 2159; x_wconf 73' lang='lat' dir='ltr'>uriburgi</span> <span class='ocrx_word' id='word_1_95' title='bbox 821 2083 914 2161; x_wconf 87' lang='lat' dir='ltr'>apud</span> <span class='ocrx_word' id='word_1_96' title='bbox 930 2083 1139 2158; x_wconf 86' lang='lat' dir='ltr'>Brisgoicos</span> 
     </span>
    </p>
   </div>
   <div class='ocr_carea' id='block_1_5' title="bbox 223 2190 1139 2570">
    <p class='ocr_par' dir='ltr' id='par_1_5' title="bbox 223 2190 1139 2570">
     <span class='ocr_line' id='line_1_17' title="bbox 223 2190 1139 2268; baseline 0 -20"><span class='ocrx_word' id='word_1_97' title='bbox 223 2190 504 2267; x_wconf 87' lang='lat' dir='ltr'>descriptionem</span> <span class='ocrx_word' id='word_1_98' title='bbox 537 2190 782 2268; x_wconf 85' lang='lat' dir='ltr'>complectens</span> <span class='ocrx_word' id='word_1_99' title='bbox 811 2191 853 2249; x_wconf 87' lang='lat' dir='ltr'>ad</span> <span class='ocrx_word' id='word_1_100' title='bbox 883 2190 1139 2264; x_wconf 87' lang='lat' dir='ltr'>Hieronymum</span> 
     </span>
     <span class='ocr_line' id='line_1_18' title="bbox 290 2297 1062 2373; baseline -0.001 -17"><span class='ocrx_word' id='word_1_101' title='bbox 290 2298 489 2356; x_wconf 85' lang='lat' dir='ltr'>Husaerum</span> <span class='ocrx_word' id='word_1_102' title='bbox 513 2298 780 2371; x_wconf 83' lang='lat' dir='ltr'>Pludentinum,</span> <span class='ocrx_word' id='word_1_103' title='bbox 803 2297 1062 2373; x_wconf 86' lang='lat' dir='ltr'>antiquitatum</span> 
     </span>
     <span class='ocr_line' id='line_1_19' title="bbox 384 2404 974 2476; baseline -0.002 -13"><span class='ocrx_word' id='word_1_104' title='bbox 384 2404 705 2476; x_wconf 76' lang='lat' dir='ltr'>studiosissimum,</span> <span class='ocrx_word' id='word_1_105' title='bbox 728 2405 795 2462; x_wconf 90' lang='lat' dir='ltr'>iam</span> <span class='ocrx_word' id='word_1_106' title='bbox 819 2404 933 2462; x_wconf 87' lang='lat' dir='ltr'>denuo</span> <span class='ocrx_word' id='word_1_107' title='bbox 956 2423 974 2462; x_wconf 86' lang='lat' dir='ltr'>a</span> 
     </span>
     <span class='ocr_line' id='line_1_20' title="bbox 503 2511 852 2570; baseline 0.003 -1"><span class='ocrx_word' id='word_1_108' title='bbox 503 2511 640 2570; x_wconf 90' lang='lat' dir='ltr'>mendis</span> <span class='ocrx_word' id='word_1_109' title='bbox 663 2511 852 2570; x_wconf 85' lang='lat' dir='ltr'>vindicata.</span> 
     </span>
    </p>
   </div>
   <div class='ocr_carea' id='block_1_6' title="bbox 178 2653 1060 3620">
    <p class='ocr_par' dir='ltr' id='par_1_6' title="bbox 178 2653 1060 3620">
     <span class='ocr_line' id='line_1_21' title="bbox 223 2653 1022 2729; baseline -0.003 -17"><span class='ocrx_word' id='word_1_110' title='bbox 223 2653 368 2712; x_wconf 83' lang='lat' dir='ltr'>Mittimus</span> <span class='ocrx_word' id='word_1_111' title='bbox 405 2658 531 2729; x_wconf 83' lang='lat' dir='ltr'>optatam</span> <span class='ocrx_word' id='word_1_112' title='bbox 563 2653 629 2727; x_wconf 86' lang='lat' dir='ltr'>tibi,</span> <span class='ocrx_word' id='word_1_113' title='bbox 666 2653 855 2726; x_wconf 80' lang='lat' dir='ltr'>Pludentine‚</span> <span class='ocrx_word' id='word_1_114' title='bbox 889 2653 1022 2726; x_wconf 85' lang='lat' dir='ltr'>salutem,</span> 
     </span>
     <span class='ocr_line' id='line_1_22' title="bbox 268 2741 958 2819; baseline -0.001 -18"><span class='ocrx_word' id='word_1_115' title='bbox 268 2741 362 2815; x_wconf 86' lang='lat' dir='ltr'>Quam</span> <span class='ocrx_word' id='word_1_116' title='bbox 385 2743 454 2801; x_wconf 85' lang='lat' dir='ltr'>dare</span> <span class='ocrx_word' id='word_1_117' title='bbox 477 2742 618 2819; x_wconf 80' lang='lat' dir='ltr'>piincipio</span> <span class='ocrx_word' id='word_1_118' title='bbox 641 2741 740 2801; x_wconf 88' lang='lat' dir='ltr'>littera</span> <span class='ocrx_word' id='word_1_119' title='bbox 763 2742 853 2800; x_wconf 90' lang='lat' dir='ltr'>missa</span> <span class='ocrx_word' id='word_1_120' title='bbox 876 2741 958 2800; x_wconf 90' lang='lat' dir='ltr'>solet.</span> 
     </span>
     <span class='ocr_line' id='line_1_23' title="bbox 223 2830 997 2908; baseline -0.003 -18"><span class='ocrx_word' id='word_1_121' title='bbox 223 2830 256 2890; x_wconf 86' lang='lat' dir='ltr'>Si</span> <span class='ocrx_word' id='word_1_122' title='bbox 278 2832 385 2891; x_wconf 91' lang='lat' dir='ltr'>melius</span> <span class='ocrx_word' id='word_1_123' title='bbox 408 2831 564 2908; x_wconf 88' lang='lat' dir='ltr'>quicquam</span> <span class='ocrx_word' id='word_1_124' title='bbox 587 2831 694 2907; x_wconf 91' lang='lat' dir='ltr'>cupido</span> <span class='ocrx_word' id='word_1_125' title='bbox 717 2837 865 2908; x_wconf 83' lang='lat' dir='ltr'>praestare</span> <span class='ocrx_word' id='word_1_126' title='bbox 887 2831 997 2904; x_wconf 73' lang='lat' dir='ltr'>liceret</span> 
     </span>
     <span class='ocr_line' id='line_1_24' title="bbox 268 2919 878 2980; baseline -0.002 -1"><span class='ocrx_word' id='word_1_127' title='bbox 268 2919 361 2979; x_wconf 88' lang='lat' dir='ltr'>Maior</span> <span class='ocrx_word' id='word_1_128' title='bbox 382 2921 413 2978; x_wconf 90' lang='lat' dir='ltr'>in</span> <span class='ocrx_word' id='word_1_129' title='bbox 436 2921 563 2980; x_wconf 89' lang='lat' dir='ltr'>humana</span> <span class='ocrx_word' id='word_1_130' title='bbox 585 2921 753 2979; x_wconf 87' lang='lat' dir='ltr'>condicione</span> <span class='ocrx_word' id='word_1_131' title='bbox 775 2921 878 2979; x_wconf 85' lang='lat' dir='ltr'>forem.</span> 
     </span>
     <span class='ocr_line' id='line_1_25' title="bbox 191 3007 978 3086; baseline 0.003 -22"><span class='ocrx_word' id='word_1_132' title='bbox 191 3008 260 3067; x_wconf 84' lang='lat' dir='ltr'>51d</span> <span class='ocrx_word' id='word_1_133' title='bbox 282 3010 378 3068; x_wconf 81' lang='lat' dir='ltr'>uibuo</span> <span class='ocrx_word' id='word_1_134' title='bbox 401 3015 523 3084; x_wconf 74' lang='lat' dir='ltr'>tantiam,</span> <span class='ocrx_word' id='word_1_135' title='bbox 547 3009 626 3086; x_wconf 89' lang='lat' dir='ltr'>quod</span> <span class='ocrx_word' id='word_1_136' title='bbox 648 3009 742 3068; x_wconf 87' lang='lat' dir='ltr'>flavus</span> <span class='ocrx_word' id='word_1_137' title='bbox 764 3009 851 3068; x_wconf 89' lang='lat' dir='ltr'>iussit</span> <span class='ocrx_word' id='word_1_138' title='bbox 874 3007 978 3084; x_wconf 90' lang='lat' dir='ltr'>Apollo</span> 
     </span>
     <span class='ocr_line' id='line_1_26' title="bbox 267 3097 951 3175; baseline 0 -19"><span class='ocrx_word' id='word_1_139' title='bbox 267 3097 307 3157; x_wconf 80' lang='lat' dir='ltr'>m</span> <span class='ocrx_word' id='word_1_140' title='bbox 329 3099 407 3175; x_wconf 90' lang='lat' dir='ltr'>quod</span> <span class='ocrx_word' id='word_1_141' title='bbox 430 3099 524 3158; x_wconf 83' lang='lat' dir='ltr'>multa</span> <span class='ocrx_word' id='word_1_142' title='bbox 546 3099 611 3157; x_wconf 88' lang='lat' dir='ltr'>dies</span> <span class='ocrx_word' id='word_1_143' title='bbox 633 3099 683 3156; x_wconf 86' lang='lat' dir='ltr'>vix</span> <span class='ocrx_word' id='word_1_144' title='bbox 707 3098 823 3157; x_wconf 87' lang='lat' dir='ltr'>abolere</span> <span class='ocrx_word' id='word_1_145' title='bbox 845 3103 951 3174; x_wconf 89' lang='lat' dir='ltr'>potest.</span> 
     </span>
     <span class='ocr_line' id='line_1_27' title="bbox 224 3185 1025 3264; baseline 0 -20"><span class='ocrx_word' id='word_1_146' title='bbox 224 3185 265 3246; x_wconf 84' lang='lat' dir='ltr'>Te</span> <span class='ocrx_word' id='word_1_147' title='bbox 296 3205 389 3264; x_wconf 86' lang='lat' dir='ltr'>penes</span> <span class='ocrx_word' id='word_1_148' title='bbox 420 3193 466 3246; x_wconf 88' lang='lat' dir='ltr'>est</span> <span class='ocrx_word' id='word_1_149' title='bbox 496 3188 570 3247; x_wconf 86' lang='lat' dir='ltr'>tanti</span> <span class='ocrx_word' id='word_1_150' title='bbox 602 3206 660 3246; x_wconf 94' lang='lat' dir='ltr'>non</span> <span class='ocrx_word' id='word_1_151' title='bbox 694 3187 796 3246; x_wconf 92' lang='lat' dir='ltr'>infima</span> <span class='ocrx_word' id='word_1_152' title='bbox 825 3188 919 3262; x_wconf 65' lang='lat' dir='ltr'>gratia</span> <span class='ocrx_word' id='word_1_153' title='bbox 947 3185 1025 3259; x_wconf 68' lang='lat' dir='ltr'>lacti</span> 
     </span>
     <span class='ocr_line' id='line_1_28' title="bbox 269 3274 1026 3352; baseline 0 -18"><span class='ocrx_word' id='word_1_154' title='bbox 269 3274 326 3348; x_wconf 87' lang='lat' dir='ltr'>Qui</span> <span class='ocrx_word' id='word_1_155' title='bbox 348 3277 428 3334; x_wconf 86' lang='lat' dir='ltr'>canis</span> <span class='ocrx_word' id='word_1_156' title='bbox 450 3278 488 3336; x_wconf 85' lang='lat' dir='ltr'>ad</span> <span class='ocrx_word' id='word_1_157' title='bbox 510 3277 626 3335; x_wconf 86' lang='lat' dir='ltr'>Latiam</span> <span class='ocrx_word' id='word_1_158' title='bbox 649 3276 777 3335; x_wconf 82' lang='lat' dir='ltr'>carmina</span> <span class='ocrx_word' id='word_1_159' title='bbox 800 3294 887 3352; x_wconf 88' lang='lat' dir='ltr'>saepe</span> <span class='ocrx_word' id='word_1_160' title='bbox 911 3275 1026 3334; x_wconf 89' lang='lat' dir='ltr'>chelim.</span> 
     </span>
     <span class='ocr_line' id='line_1_29' title="bbox 224 3363 1060 3442; baseline -0.001 -19"><span class='ocrx_word' id='word_1_161' title='bbox 224 3363 308 3438; x_wconf 81' lang='lat' dir='ltr'>Quod</span> <span class='ocrx_word' id='word_1_162' title='bbox 348 3366 450 3424; x_wconf 82' lang='lat' dir='ltr'>taedas</span> <span class='ocrx_word' id='word_1_163' title='bbox 491 3366 562 3424; x_wconf 92' lang='lat' dir='ltr'>olim</span> <span class='ocrx_word' id='word_1_164' title='bbox 606 3371 766 3442; x_wconf 87' lang='lat' dir='ltr'>pacataque</span> <span class='ocrx_word' id='word_1_165' title='bbox 800 3365 927 3424; x_wconf 90' lang='lat' dir='ltr'>lusimus</span> <span class='ocrx_word' id='word_1_166' title='bbox 971 3383 1060 3438; x_wconf 84' lang='lat' dir='ltr'>amm,</span> 
     </span>
     <span class='ocr_line' id='line_1_30' title="bbox 178 3453 875 3514; baseline 0.007 -7"><span class='ocrx_word' id='word_1_167' title='bbox 178 3466 205 3508; x_wconf 90' lang='lat'>10</span> <span class='ocrx_word' id='word_1_168' title='bbox 268 3454 438 3513; x_wconf 72' lang='lat' dir='ltr'>commovet</span> <span class='ocrx_word' id='word_1_169' title='bbox 459 3453 548 3513; x_wconf 82' lang='lat' dir='ltr'>iratas</span> <span class='ocrx_word' id='word_1_170' title='bbox 571 3471 610 3513; x_wconf 83' lang='lat' dir='ltr'>ex</span> <span class='ocrx_word' id='word_1_171' title='bbox 632 3454 773 3513; x_wconf 87' lang='lat' dir='ltr'>Helicone</span> <span class='ocrx_word' id='word_1_172' title='bbox 795 3454 875 3514; x_wconf 87' lang='lat' dir='ltr'>deas.</span> 
     </span>
     <span class='ocr_line' id='line_1_31' title="bbox 223 3542 997 3620; baseline 0 -19"><span class='ocrx_word' id='word_1_173' title='bbox 223 3542 302 3618; x_wconf 82' lang='lat' dir='ltr'>Ergo</span> <span class='ocrx_word' id='word_1_174' title='bbox 324 3543 381 3602; x_wconf 90' lang='lat' dir='ltr'>erit</span> <span class='ocrx_word' id='word_1_175' title='bbox 403 3543 562 3620; x_wconf 89' lang='lat' dir='ltr'>hospitium</span> <span class='ocrx_word' id='word_1_176' title='bbox 585 3561 643 3602; x_wconf 91' lang='lat' dir='ltr'>nou</span> <span class='ocrx_word' id='word_1_177' title='bbox 665 3548 750 3602; x_wconf 85' lang='lat' dir='ltr'>extra</span> <span class='ocrx_word' id='word_1_178' title='bbox 772 3543 872 3601; x_wconf 89' lang='lat' dir='ltr'>limina</span> <span class='ocrx_word' id='word_1_179' title='bbox 894 3542 997 3616; x_wconf 80' lang='lat' dir='ltr'>Musis,</span> 
     </span>
    </p>
   </div>
   <div class='ocr_carea' id='block_1_7' title="bbox 0 0 1394 4274">
    <p class='ocr_par' dir='ltr' id='par_1_7' title="bbox 0 0 1394 4274">
     <span class='ocr_line' id='line_1_32' title="bbox 0 0 1394 4274; baseline 0 0"><span class='ocrx_word' id='word_1_180' title='bbox 0 0 1394 4274; x_wconf 95' lang='lat' dir='ltr'> </span> 
     </span>
    </p>
   </div>
  </div>
 </body>
</html>
