2770 4274
463 399 655 454 nnosurmvs,
677 397 863 440 ssrsvnsrca
1099 383 1141 441 67

273 577 322 636 Sic
345 577 454 653 passim
479 577 607 651 gaudent
629 573 700 636 flore
723 573 886 653 pudicitiae.

228 665 282 724 His
306 666 332 724 si
355 666 421 742 quis
444 666 533 724 vellet
555 666 691 724 civilibus
714 665 822 724 addere
845 666 1010 741 quicquam,

272 754 420 813 Diffusum
443 755 522 830 longi
546 754 684 814 carminis
706 771 815 831 aequor
836 754 932 813 habet.

229 843 375 920 Torqueat
397 844 455 902 huc
477 844 570 902 fetum
594 843 681 916 celer,
705 849 739 902 ut
762 843 933 917 Tirynthius
955 861 1083 917 anguem

174 944 214 986 200
272 933 352 991 Inter
374 932 500 992 coniecit
523 932 620 990 sidera
642 932 710 991 bina
732 933 835 990 ferum.

165 1031 235 1086 prs]
260 1021 304 1079 Tu
327 1021 413 1080 modo
436 1027 524 1096 tange
546 1021 640 1095 lyram
663 1021 774 1098 plectro
797 1021 964 1097 fidibusque
988 1020 1102 1079 sonoris

273 1109 405 1169 Candida
428 1110 506 1186 quod
529 1115 665 1186 superest
687 1109 784 1186 pande
808 1109 910 1168 Thalia
931 1109 1011 1168 mihi.

228 1199 369 1258 Inlustrat
421 1205 536 1258 coetum
590 1199 663 1256 felix
714 1198 863 1257 academia
914 1198 1025 1275 passim

272 1287 435 1364 Aequanda
457 1294 507 1346 aut
529 1288 643 1346 cunctis
665 1287 855 1346 anteferenda
878 1288 994 1346 scholis,

174 1389 214 1430 205
229 1375 322 1450 Quam
346 1377 408 1434 dux
430 1376 585 1435 Austriaoo
609 1375 755 1452 quondam
778 1376 816 1434 de
839 1375 981 1450 sanguine
1005 1381 1093 1434 natus

274 1465 411 1524 Condidit
433 1466 571 1524 Albertus
594 1465 803 1541 constituitque
825 1482 938 1523 novam.

228 1554 333 1613 inclita
355 1555 519 1632 progenies,
544 1572 601 1630 qua
623 1571 730 1628 magna
751 1553 881 1630 potentia
902 1553 1012 1612 Romae

274 1643 398 1720 Saepius
420 1644 570 1718 Augustos
593 1642 702 1718 gaudet
723 1643 831 1702 habere
854 1645 937 1701 suos!

228 1733 283 1790 llle
307 1739 340 1790 ut
362 1737 424 1791 erat
447 1749 585 1807 magnum
609 1731 773 1790 studiorum
795 1732 893 1790 dicms
915 1731 1040 1806 asylum,

174 1833 214 1876 270
274 1821 362 1880 Hunc
384 1820 477 1879 voluit
500 1821 600 1880 sedem
624 1821 752 1879 Palladis
775 1839 840 1879 esse
863 1820 968 1879 locum.

228 1909 267 1969 Et
297 1928 334 1968 ne
367 1909 440 1968 dura
471 1910 547 1968 foret
577 1909 704 1986 propriis
736 1911 809 1968 haec
841 1915 920 1968 teria
952 1908 1073 1982 colonis,

273 1997 331 2058 Sed
354 1999 453 2075 potius
477 1999 598 2075 sophiae
622 2003 850 2074 consequeretur
873 2015 951 2074 opes,

228 2087 332 2146 Nobile
362 2087 480 2146 donavit
509 2094 569 2146 tam
599 2087 678 2146 clara
707 2086 776 2145 dote
804 2086 987 2161 Friburgum,

273 2177 315 2235 Vt
338 2176 377 2234 sit
399 2176 545 2234 nobilibus
568 2175 652 2234 docta
674 2176 819 2252 palaestra
842 2174 922 2233 viris.

175 2277 213 2319 275
228 2265 347 2340 Imperii
372 2265 479 2324 Caesar
505 2264 583 2323 rexit
610 2271 674 2323 tum
703 2265 793 2322 irater
821 2264 958 2335 habenas,

273 2354 350 2412 Hinc
372 2354 479 2413 melius
503 2359 569 2412 voto
592 2371 650 2430 quo
672 2353 821 2412 frueretur
843 2358 913 2412 erat.

230 2442 373 2501 Censibus
400 2448 525 2502 erectam
554 2442 681 2500 multum
710 2441 871 2501 cumulavit
897 2440 1013 2518 opimis,

274 2530 354 2604 Quos
376 2549 431 2590 nec
454 2537 614 2608 tempestas
637 2549 691 2589 nec
714 2531 790 2607 rapit
811 2531 855 2588 ira
877 2530 966 2589 Iovis.

229 2620 275 2679 Ad
307 2620 454 2678 tumulum
493 2620 578 2679 cuius
609 2619 771 2679 inridentes
809 2619 939 2696 spargite
975 2619 1074 2693 flores,

174 2719 214 2762 aso
273 2709 334 2768 Vos
352 2708 517 2786 Nymphae,
540 2715 571 2768 et
588 2708 680 2767 violas
701 2708 918 2786 Coryciumque
936 2725 1062 2782 crocum,

228 2797 412 2856 Leucothoes
463 2799 607 2871 fructum,
652 2815 767 2856 necnon
817 2796 950 2857 Cinareia
1000 2797 1078 2855 dona

273 2886 313 2946 Et
335 2905 402 2945 cum
425 2887 583 2964 purpureis
605 2886 668 2944 lilia
689 2887 763 2945 ferte
786 2887 869 2960 rosis

176 2985 233 3040 [cia]
261 2975 303 3035 Vt
324 2976 405 3034 fulva
428 2976 524 3052 capiat
545 2975 676 3053 requiem
699 2974 762 3033 dux
783 2981 883 3034 tantus
906 2993 1013 3048 acerra,

273 3064 315 3123 Vt
336 3065 410 3123 felix
432 3070 540 3124 terram
564 3064 671 3123 sentiat
692 3065 796 3122 umbra
817 3064 923 3123 levem.

174 3165 214 3207 ass
228 3153 267 3212 Et
290 3153 361 3231 quid
385 3154 463 3214 enim
487 3153 581 3212 maius
603 3153 699 3230 potuit
721 3159 871 3230 praestare
894 3153 998 3228 lyceo?

272 3241 322 3300 Nil
345 3243 482 3320 equidem
506 3243 586 3302 celso
610 3243 664 3300 sub
686 3241 757 3301 Iove
779 3243 874 3301 maius
897 3247 967 3301 erat

229 3331 285 3390 His
313 3336 376 3390 tuta
403 3330 544 3409 auspiciis
573 3330 699 3390 fecunda
725 3331 875 3390 academia
903 3330 988 3390 floret

273 3420 459 3497 Florebitque
482 3420 551 3480 olim
574 3437 633 3480 non
655 3420 786 3496 peritura
808 3420 868 3479 diu.
937 3449 938 3452 ยน

229 3508 285 3568 Hic
309 3515 385 3582 sunt,
408 3509 459 3586 qui
482 3510 608 3568 multum
633 3525 755 3585 superas
785 3509 973 3585 speculantur
1000 3509 1031 3567 in
1057 3526 1146 3568 auras

175 3610 215 3652 aso
273 3597 312 3656 Et
334 3603 479 3676 quaerunt
500 3598 601 3674 magni
624 3597 743 3656 numina
765 3598 843 3656 trina
866 3597 929 3657 Dei.
1134 3615 1136 3621 โธ
