2770 4274
208 1087 285 1142 [arrio]
309 1071 522 1134 Hermanni
545 1072 707 1135 Busohii
724 1071 916 1155 Pasiphili
941 1072 985 1136 de
1009 1072 1124 1136 laude

325 1179 511 1262 cultuque
539 1179 648 1242 urbis
671 1178 871 1262 Lipsonsis
895 1179 1009 1262 silva,
1033 1181 1096 1242 cui

356 1287 497 1349 titulus
520 1283 688 1370 Lipsica,
711 1286 886 1349 feliciter
908 1287 1058 1369 incipit.

253 1431 357 1504 Silvas
381 1437 472 1505 antra,
495 1432 586 1505 laeua,
609 1431 741 1490 florentia
763 1450 880 1508 pascua,
904 1432 999 1492 fontes

252 1521 478 1598 Frugiferosque
501 1539 587 1596 agros
610 1527 640 1580 et
661 1520 792 1580 Daedala
813 1539 882 1579 rura
905 1521 1061 1599 situmque,

253 1609 325 1686 Lips
348 1611 482 1683 formosa,
506 1617 591 1668 tuum
613 1627 770 1686 moresque
794 1615 824 1668 et
847 1609 925 1668 clara
948 1610 1080 1669 virorum

253 1699 375 1758 Pectora
397 1717 477 1757 nune
500 1717 588 1758 versu
611 1699 690 1758 facili
712 1699 879 1758 describere
902 1717 998 1758 conor.

221 1801 234 1842 s
252 1788 378 1846 Horrida
402 1788 556 1863 sanguinei
579 1788 692 1864 spirant
714 1788 764 1864 qui
787 1787 898 1864 proelia
920 1787 1031 1862 Martie,

252 1875 388 1952 Europae
412 1877 571 1954 Troiaeque
593 1895 697 1935 manus
719 1877 895 1953 funestaque
917 1877 1039 1936 fratrum

253 1965 368 2025 Funera
390 1965 544 2025 Thebanos
566 1965 625 2024 late
647 1966 818 2024 infamantia
840 1983 967 2041 campos

254 2053 311 2127 Qui
334 2055 468 2130 graviore
491 2055 572 2132 loqui
595 2055 717 2131 cupiunt
740 2060 771 2113 et
793 2072 922 2131 pangere
944 2055 1065 2130 plectro,

253 2143 349 2218 Larga
371 2143 524 2202 Medusaei
547 2143 710 2219 deposcunt
732 2143 854 2202 flumina
878 2144 970 2202 saltus

209 2245 234 2286 ro
253 2233 397 2310 Aoniique
420 2239 524 2308 rogant
545 2233 709 2309 propiorem
732 2232 852 2291 verticis
875 2251 977 2292 auram

252 2319 291 2380 Et
314 2321 383 2380 data
405 2321 550 2380 Castaliae
573 2321 665 2379 maior
688 2323 727 2380 sit
749 2321 832 2398 copia
855 2322 945 2398 ripae.

254 2409 298 2468 Tu
321 2411 402 2483 mihi,
425 2415 459 2468 tu
482 2410 553 2470 satis
576 2427 616 2484 ee,
641 2410 749 2470 sitienti
773 2411 902 2470 camnine
925 2410 1028 2469 laudes

252 2499 408 2575 Amplecti‚
430 2499 503 2576 Lips
526 2499 612 2573 clara,
635 2503 715 2576 tuas3
738 2517 797 2558 non
819 2499 948 2559 culmina
971 2499 1102 2575 Cyrrhae

254 2586 377 2646 Ostendi
399 2588 480 2662 mihi,
504 2607 561 2648 non
583 2588 693 2646 vitreas
716 2589 911 2648 Permessidis
933 2589 1028 2648 undas

209 2689 235 2730 15
253 2676 419 2736 Exhaurire
441 2683 509 2754 peto
531 2677 686 2755 plenisque
708 2677 866 2736 recondere
889 2678 990 2736 buccis

210 2777 293 2831 [maja]
318 2766 431 2826 Laurea
454 2785 509 2826 nec
531 2766 621 2825 bifido
643 2767 781 2842 decerpta
803 2767 954 2825 cacumine
977 2772 1055 2826 serta

253 2854 331 2914 Hinc
352 2873 441 2932 poseo
465 2855 544 2929 mihi,
568 2855 699 2929 Phoebe,
724 2855 800 2915 dari:
828 2855 901 2932 Lips
924 2857 1052 2932 praemia
1075 2857 1169 2930 nobis,

254 2943 286 3003 Si
308 2944 418 3022 placeo,
442 2950 488 3004 sat
510 2945 598 3020 digna
620 2945 703 3018 feret,
726 2962 781 3004 nec
803 2962 926 3003 munera
948 2944 1035 3004 valde

253 3033 360 3110 Magna
381 3052 487 3108 moror,
510 3038 625 3092 tantum
647 3051 750 3110 precor
771 3037 903 3092 aversata
925 3033 1040 3098 labores

208 3134 236 3176 20
255 3121 429 3182 Contemnat
451 3140 510 3182 non
532 3122 584 3180 illa
606 3140 696 3195 meos,
721 3122 774 3181 sed
796 3123 892 3182 fronte
915 3139 1020 3181 serena

253 3210 336 3271 Haec
359 3212 455 3289 capiat
477 3216 594 3271 nostrae
617 3211 693 3270 dona
716 3211 845 3271 officiosa
868 3211 1021 3270 Camenae.

254 3300 335 3374 Quae
359 3301 384 3360 si
407 3301 482 3360 laeta
505 3319 605 3360 meum
628 3305 729 3359 votum
751 3301 866 3359 fortuna
889 3306 1037 3378 sequetur,

254 3390 378 3450 Laetitia
400 3390 506 3466 plenus
526 3395 618 3466 caput
639 3388 716 3448 inter
738 3389 838 3448 nubila
859 3390 983 3448 condam

254 3478 292 3537 Et
315 3479 417 3539 cedam
441 3478 531 3538 nullis
553 3479 610 3537 hoo
632 3479 706 3538 fisus
728 3479 838 3538 honore
861 3479 964 3554 poetis.

209 3579 236 3622 aa
256 3567 315 3628 Sed.
337 3585 385 3627 me
408 3573 525 3644 tempus
548 3567 691 3628 oratiam
714 3567 752 3627 de
774 3567 842 3627 dote
865 3567 964 3628 uberis
987 3568 1051 3627 arvi
