2760 4200
1132 328 1149 384 7

236 523 309 582 alios
332 522 461 584 eruditos
474 523 553 581 viros
567 521 786 582 lucubrationes
802 540 871 580 suas
885 522 968 580 nobis
982 521 1151 596 inscribere,

237 612 360 688 gloriam
374 617 503 671 vestram
519 611 607 670 variis
630 611 827 670 monumentis
849 611 1005 669 inlustrare
1028 611 1152 686 videam,

236 719 297 774 me,
327 701 378 778 qui
408 707 525 760 sextum
555 701 614 758 iam
640 718 750 759 annum
777 700 807 758 in
831 701 903 758 urbe
926 705 1023 758 vestra
1053 705 1151 759 vestro

237 789 326 848 etiam
349 795 470 866 sumptu
492 808 527 848 ac
550 789 696 864 stipendio
716 789 821 863 vivam,
845 789 918 848 nihil
940 789 1038 848 adhuc
1060 789 1152 847 nomi-

205 891 218 931 1
233 889 303 944 [urio]
318 879 409 938 natim
419 878 501 938 vobis
515 878 707 954 inscripsisse.
738 875 921 955 Quamquam
934 871 937 960 1
952 877 1030 936 enim
1043 877 1152 936 multos

142 1008 144 1012 -
237 967 294 1026 1100
324 967 520 1045 quinquennio
550 966 640 1025 libros
668 967 829 1040 emiserim,
860 966 911 1042 qui
933 966 1012 1043 apud
1035 975 1152 1026 exteras

238 1074 355 1133 quoque
382 1061 485 1132 gentes
509 1055 614 1114 sinon
638 1073 743 1130 magno
771 1055 868 1132 aliquo
897 1061 976 1114 certe
1004 1055 1035 1113 in
1057 1054 1152 1132 pretio

237 1144 386 1219 habentur,
410 1150 507 1204 tamen
531 1143 678 1220 suppudet
700 1162 748 1202 me
770 1143 844 1202 nihil
868 1149 985 1202 exstare
1001 1144 1152 1217 hactenus,

239 1233 318 1310 quod
340 1233 481 1310 peculiari
504 1233 601 1309 aliquo
624 1233 719 1291 officio
742 1232 886 1291 merobis
910 1233 1067 1291 obnoxium
1087 1249 1153 1292 esse

194 1334 220 1376 10
239 1321 351 1382 doceat.
395 1321 439 1381 Ec
461 1321 553 1398 igitur
576 1321 696 1380 consilio
719 1321 852 1382 libellum
875 1321 954 1380 hunc
978 1321 1096 1398 scripsi,
1118 1326 1153 1379 ut

238 1416 282 1484 et,
313 1411 391 1488 quod
419 1411 484 1488 ipsa
507 1429 554 1470 res
577 1416 651 1484 erat,
683 1410 719 1469 de
743 1411 816 1469 urbe
838 1410 1035 1487 pulcherrima
1057 1410 1153 1486 deque

236 1499 373 1576 meipso
396 1500 528 1576 meisque
552 1499 658 1558 studiis
686 1499 795 1574 optime
818 1499 922 1558 merita
944 1517 1002 1558 non
1024 1504 1151 1558 tacerem

237 1593 267 1648 01
289 1588 372 1646 vobis
395 1589 484 1646 animi
506 1589 565 1647 mci
579 1587 787 1664 gratitudinem
800 1607 835 1646 ac
848 1588 1080 1647 benevolentiam
1096 1587 1153 1646 hoc

236 1695 294 1736 non
317 1676 483 1752 iniucuudo,
507 1682 540 1735 ut
558 1678 667 1754 opinor,
688 1683 859 1752 argumento
874 1677 1060 1736 declararem.
1091 1675 1152 1734 Vos

193 1778 218 1820 15
239 1765 265 1824 si
288 1766 417 1824 vicissim
440 1767 516 1824 hanc
538 1785 634 1824 meam
657 1766 837 1824 voluntatem
860 1765 1027 1842 probabitis,
1057 1770 1152 1824 totum

236 1855 300 1928 hoc,
323 1855 466 1932 quidquid
485 1860 531 1914 est
551 1854 658 1913 laboris
676 1862 764 1930 atque
778 1873 883 1931 operae
897 1854 946 1912 hic
958 1854 1152 1930 insumptum,

237 1961 383 2020 nusquam
421 1943 478 2002 alio
515 1943 697 2002 conlocatum
735 1943 840 2019 relim;
878 1943 1049 2018 probaturos
1081 1961 1152 2001 vcro

237 2050 305 2090 cum
327 2037 426 2091 vestra
449 2032 557 2091 eximia
580 2032 674 2090 virtus
698 2037 728 2090 ct
752 2031 892 2108 sapientia
915 2037 978 2090 tuni
1000 2031 1031 2090 in
1055 2031 1152 2090 studia

236 2121 399 2180 litterarum
422 2126 509 2197 atquc
532 2139 632 2180 earum
652 2120 797 2179 studiosos
817 2120 974 2195 singularis
988 2120 1152 2195 benignitas

192 2221 218 2264 20
237 2228 271 2268 ac
294 2209 494 2268 munificentia
517 2209 575 2267 iam
599 2209 710 2268 dudum
734 2209 806 2267 mihi
829 2214 968 2285 tanquam
989 2208 1152 2268 certissima

236 2303 410 2373 argumenta
441 2304 658 2376 persuaserunt.
695 2297 807 2356 Valete.
846 2297 1024 2373 Noribergae
1050 2314 1152 2356 mense

236 2387 341 2446 Martio
363 2405 439 2446 anno
463 2387 572 2446 Christi
596 2386 781 2446 MDXXXH.
