2770 4274
252 359 293 418 68
530 377 722 431 ruonrrrnvs,
745 377 929 418 rnrnvnoroa

301 555 475 613 Panduntur
498 555 606 614 summi
629 554 772 628 mysteria
794 554 841 612 dia
864 554 1004 613 Tonantis

346 643 487 702 Sollicitis
510 644 656 720 quondam
679 661 738 702 non
761 644 833 702 bene
855 649 924 702 nota
946 643 1055 720 sophis.

302 731 450 809 Quidquid
474 733 581 791 habent
603 732 703 806 magni
726 738 839 792 secreta
861 733 1009 791 volumina
1031 733 1130 806 Masis

345 821 478 880 Vertitur
500 821 530 878 in
553 840 621 880 vera
644 821 859 898 discutiturque
882 822 948 894 lide,

247 919 287 961 295
300 911 343 969 Vt
369 915 487 987 pateant
515 910 575 969 ritu
604 910 723 984 gentilia
753 928 836 970 sacra
865 911 991 970 nefando

346 998 567 1076 Quaeraturque
589 999 639 1075 pia
661 999 813 1073 relligione
836 999 926 1057 salus.

301 1088 376 1146 Sunt
399 1088 449 1164 qui
472 1093 652 1164 pertractent
674 1088 793 1146 sinuosa
816 1087 964 1146 volumina
985 1088 1094 1163 legum,

344 1177 386 1235 Vt
408 1177 538 1234 relevent
561 1194 678 1252 pressos
702 1177 900 1252 iustitiamque
923 1177 1027 1235 colant.

300 1265 369 1324 Iura
391 1265 497 1324 docent
519 1265 592 1324 alios
616 1283 798 1324 summonun
822 1265 953 1342 scitaque
975 1271 1100 1342 patrum,

246 1363 287 1405 300
344 1354 390 1413 Ne
412 1355 489 1412 mala
511 1355 578 1431 quis
602 1373 686 1412 versa
709 1354 822 1413 semina
845 1355 928 1412 lance
952 1360 1037 1413 serat.

301 1444 339 1502 Hi
367 1449 436 1502 sunt
462 1445 608 1502 celsorum
636 1443 688 1520 qni
715 1444 835 1519 pulsant
862 1443 936 1502 atria
963 1461 1066 1518 regurn

344 1532 384 1591 ut
406 1551 531 1608 qnorrurr
554 1537 633 1591 certe
657 1539 763 1591 cuncta
785 1539 929 1608 reguntur
951 1550 1014 1608 ope.

301 1620 381 1696 Quos
411 1622 436 1679 si
464 1621 531 1698 quis
563 1621 653 1694 tollat
687 1622 808 1697 spatiosi
839 1621 950 1679 lumina
978 1621 1081 1679 mundi

347 1710 481 1784 Sustulit,
505 1716 535 1768 et
558 1715 640 1768 tutus
663 1711 763 1769 nullus
786 1711 816 1768 in
840 1711 909 1769 orbe
930 1711 1022 1768 locus

245 1807 286 1849 305
302 1810 361 1865 [aa]
388 1800 421 1858 Si
441 1799 572 1858 medicos
595 1799 711 1876 quaeris
735 1799 865 1858 medicas
888 1805 919 1858 et
940 1799 1086 1874 Apollinis
1109 1805 1196 1871 artes,

344 1888 478 1947 Eximius
502 1888 628 1946 multum
651 1888 736 1947 docta
759 1889 905 1964 palaestra
926 1888 1014 1946 (labit.

301 1977 444 2054 Quodque
468 1977 626 2036 salutiferis
649 1995 790 2053 praesens
813 1977 991 2053 Epidaurius
1014 1976 1112 2034 herbis

344 2067 449 2125 Efficto
472 2067 617 2142 quondam
641 2067 761 2125 numine
783 2067 858 2124 forte
881 2065 970 2132 dedit,

300 2155 409 2214 Verius
441 2155 558 2214 edocuit
588 2155 676 2229 longa
709 2155 891 2231 experientia
923 2173 1035 2228 rerum,

245 2253 286 2294 310
344 2244 454 2303 Efferat
476 2250 510 2302 ut
532 2243 655 2319 plenum
677 2244 736 2302 iam
759 2245 904 2302 medicina
926 2249 1022 2319 caput.

300 2333 397 2391 Turba
420 2333 522 2405 minor,
546 2334 598 2390 sed
622 2351 696 2409 qnae
718 2339 858 2408 purgatas
881 2333 1008 2391 instruat
1030 2350 1124 2406 aures

344 2421 432 2480 Vnde
455 2421 522 2498 quis
545 2427 674 2497 optatam
697 2423 827 2497 corporis
851 2427 914 2481 oret
936 2439 1031 2496 opem.

300 2511 475 2569 Scrutantur
501 2510 602 2586 plures
630 2511 760 2586 plryseos
789 2517 903 2569 secreta
932 2510 1050 2568 latentis

344 2600 383 2658 Et
405 2618 503 2656 rerum
527 2617 631 2658 causas
654 2599 807 2676 pulchrius
829 2599 899 2658 inde
922 2600 1036 2658 docent.

245 2698 285 2738 316
299 2688 448 2764 Principio
471 2689 641 2764 expediunt,
664 2707 739 2764 quae
763 2688 822 2746 sint
843 2689 963 2747 exordia
985 2706 1090 2761 rerum,

345 2777 401 2850 Qui
424 2777 540 2852 capiant
563 2783 645 2835 ortus
668 2778 765 2835 omnia
788 2783 856 2836 nata
879 2796 948 2837 suos

299 2867 457 2942 Primaque
480 2885 533 2924 our
555 2871 652 2924 motus
674 2867 786 2941 agitent
809 2867 954 2926 elementa
976 2865 1117 2938 vicissim,

343 2957 491 3013 Aeternus
515 2955 617 3013 mundi
640 2956 771 3014 nascitur
792 2957 870 3014 unde
893 2957 982 3015 salus.

299 3044 466 3116 Rimanturq
495 3045 587 3102 nubes
619 3050 705 3120 cogat
731 3063 806 3121 quae
834 3063 922 3104 causa
949 3044 1105 3120 liquentes

245 3142 286 3184 320
344 3131 441 3206 Quare
465 3133 592 3208 impulsa
615 3134 720 3192 cadant
743 3133 865 3192 fulmina
888 3134 979 3194 missa
1000 3133 1079 3192 love.

299 3221 338 3280 ut
366 3240 445 3298 quae
481 3227 633 3298 praeterea
669 3223 748 3281 caelo
787 3224 961 3299 quandoque
993 3222 1137 3295 videntur,

343 3310 399 3370 His
422 3311 509 3386 plane
532 3311 564 3369 in
586 3316 723 3387 promptu
747 3317 817 3370 sunt
839 3313 993 3370 manifesta
1016 3311 1125 3386 sophis.

299 3399 362 3458 Nec
385 3418 442 3457 non
465 3400 641 3476 disquirunt,
665 3419 738 3476 quae
758 3400 804 3458 ris
827 3408 941 3476 premat
959 3400 1093 3476 aequoris
1112 3405 1213 3459 aestus

344 3488 403 3548 Seu
427 3507 501 3565 quae
524 3489 660 3548 continuo
683 3489 803 3548 fiumina
827 3509 932 3565 magna
954 3490 1048 3558 vehat,

245 3588 285 3630 aas
300 3577 360 3636 Cur
383 3578 479 3636 salsus
502 3584 592 3654 ponto
615 3585 754 3654 separet
776 3579 848 3638 lluat
870 3597 958 3655 asper
979 3597 1093 3638 amaror
