2770 4274
500 398 640 455 nonme,
663 399 840 440 normanus.

233 575 338 636 Libera
360 575 530 652 praepediat
552 576 645 652 spatia
666 582 718 635 aut
739 576 895 636 testudinis
917 577 993 636 altae

233 665 366 724 Pondera
389 665 542 741 sustiueat;
565 664 660 740 fulget
681 665 867 742 laquearibus
890 665 988 724 aurcis

233 753 320 812 Nuda
343 753 520 830 superficies,
543 753 660 829 fastigia
683 771 797 812 summa
819 754 952 814 relucent

177 855 219 896 rao
234 842 352 902 Auratis
374 842 505 901 trabibus
528 841 710 919 connexique
733 842 837 901 ultima
859 843 930 902 tecti

233 930 357 1004 Limina,
381 930 521 990 subiectis
543 931 670 990 multum
692 931 790 991 estin
813 931 946 1008 partibus
967 949 1080 991 aurum.

179 1031 257 1086 [eina]
278 1020 409 1078 Plurima
430 1020 588 1096 parietibus
610 1021 725 1096 fulgent
746 1020 853 1079 decora
873 1019 973 1079 inclita
995 1020 1081 1097 pictis

234 1108 302 1169 Sive
324 1109 443 1182 ducum,
466 1125 540 1186 quos
562 1108 691 1168 iustitiae
713 1109 912 1186 pulcherrima
933 1110 1015 1169 vexit

234 1195 340 1272 Gloria,
364 1197 426 1257 sive
448 1197 600 1256 hominum
624 1215 677 1274 per
698 1197 820 1256 honesta
842 1198 979 1274 exempla
1001 1198 1093 1258 bestie

177 1299 219 1340 aaa
234 1286 524 1364 Aequiparandorum
547 1285 670 1363 superis.
715 1285 772 1344 Hic
794 1286 845 1344 illa
868 1303 988 1346 severae

234 1371 368 1434 Iustitiae
391 1375 476 1434 sedes
500 1381 530 1434 et
552 1375 674 1451 dignum
696 1374 783 1434 laude
806 1375 943 1448 tribunal,

232 1467 259 1522 A
282 1482 341 1541 quo
363 1481 449 1523 nemo
472 1464 573 1523 insons
595 1481 724 1541 unquam
747 1463 803 1522 nisi
826 1464 919 1522 m‘otor
941 1464 1040 1538 abivit,

233 1553 327 1612 Nemo
350 1547 458 1612 nocens
481 1570 611 1630 unquam
634 1553 730 1629 potuit
752 1553 809 1611 nisi
832 1553 928 1612 victus
951 1553 1039 1612 abire.

233 1642 320 1700 Parte
341 1641 399 1700 alia
420 1641 487 1717 (nec
510 1642 589 1700 enim
612 1641 737 1718 simplex
760 1642 865 1701 domus
883 1641 935 1700 illa
952 1659 1006 1701 nec
1020 1660 1078 1701 una
1091 1645 1147 1719 cst)

178 1742 220 1783 190
233 1729 362 1788 Maxima
384 1729 545 1807 porticibus
569 1736 695 1806 surgunt
716 1730 866 1789 conclavia
887 1730 956 1790 latis

233 1819 329 1895 Digna
351 1819 440 1878 deum
462 1819 595 1896 dapibus,
618 1837 722 1896 regum
746 1819 918 1895 dignissima
940 1818 1064 1879 mensis:

233 1907 304 1967 Tam
327 1914 396 1967 sunt
419 1909 575 1984 magnifico
598 1917 681 1985 parte
704 1908 782 1967 omni
805 1908 961 1984 splendida
983 1914 1111 1986 sumptu,

234 1996 305 2055 Tam
327 1997 456 2056 iucunda
478 2015 599 2073 gravem
622 1997 807 2056 commendat
829 1996 923 2072 gratia
944 1997 1057 2056 luxum.

232 2085 361 2145 Pulchra
384 2085 446 2145 siris
469 2086 570 2146 videas
593 2085 709 2162 ungere
731 2090 894 2144 toreumata
917 2085 1017 2162 signis,

177 2185 219 2226 795
232 2173 295 2234 Nec
317 2179 378 2233 tam
400 2175 477 2234 iacta
500 2193 588 2234 mauu
610 2193 697 2252 quam
722 2180 825 2251 sponte
848 2179 933 2234 enata
954 2175 1075 2251 putaris.

232 2262 296 2322 Nec
318 2263 426 2322 desunt
447 2264 572 2336 tabulae,
594 2263 745 2340 praeclara
767 2281 855 2340 opera
876 2263 1072 2323 excellentnm

233 2352 386 2411 Artificum
410 2353 581 2430 positaeque
602 2352 676 2412 alios
698 2352 799 2412 icones
820 2352 851 2410 in
873 2369 965 2411 annos

234 2440 384 2499 Clarorum
407 2442 538 2514 heroum,
562 2459 636 2518 quos
659 2441 811 2500 maiestate
833 2441 978 2500 'verendos

233 2529 370 2589 Maiestas
393 2530 461 2606 plus
483 2531 548 2606 ipsa
569 2530 626 2589 loci
648 2530 841 2604 commendat,
865 2536 898 2588 ut
919 2535 1017 2590 autem
1076 2597 1078 2602 .

178 2629 219 2670 eoo
232 2618 364 2677 Plurima
385 2624 566 2695 praeteream
588 2637 647 2678 non
669 2619 717 2677 his
740 2619 863 2678 dicenda
887 2618 1030 2677 Camenis.

234 2706 310 2779 Quid
333 2708 432 2782 gravis
455 2708 597 2767 eximium
618 2708 723 2784 loquar
744 2708 898 2783 augustale
922 2710 1058 2766 senatis?

233 2795 298 2868 Quo
321 2814 403 2856 sacer
424 2796 475 2856 ille
497 2802 614 2874 patrum
637 2797 744 2856 chorus
766 2803 797 2856 et
819 2796 1000 2855 clarissimus
1023 2796 1092 2855 ordo

234 2884 361 2944 Confluit
381 2891 412 2944 et
434 2886 557 2945 summis
578 2886 689 2944 urbana
711 2886 827 2962 negotia
850 2885 928 2944 curis

233 2973 340 3032 Versat
361 2980 391 3033 et
413 2981 535 3051 aequata
557 2975 676 3034 metitur
698 2980 804 3034 cuncta
825 2975 939 3034 bilance

179 3074 218 3115 eos
232 3063 365 3122 Pondere
387 3063 543 3123 caeliferos
565 3063 746 3135 delassatrra
769 3062 918 3138 Gigantas.

233 3150 291 3211 Sed
313 3157 411 3210 tamen
434 3153 482 3211 hic
504 3151 595 3211 nolim
618 3152 754 3212 disertior
775 3169 841 3211 csse
864 3151 964 3225 videri,

232 3239 277 3299 Ne
300 3241 395 3298 malus
417 3242 568 3315 obtrectet,
592 3241 668 3300 sicut
690 3241 763 3300 solet
786 3241 882 3300 omnia
904 3240 979 3299 livor

180 3339 259 3394 [anna]
278 3329 419 3403 Forsitan,
442 3335 472 3388 et
494 3348 612 3389 causam
635 3329 714 3390 dicat
736 3330 886 3408 quaesisse
909 3329 1025 3389 serendi

232 3418 361 3478 Auribus
383 3418 510 3478 incautis
533 3420 634 3478 fucum
656 3419 791 3479 facientia
814 3419 909 3478 verba.
1070 3489 1073 3494 Δ

179 3519 219 3560 810
232 3505 297 3565 Hoc
318 3512 452 3566 metuens
475 3508 518 3566 nil
539 3506 672 3582 adiciam,
696 3508 738 3567 nil
759 3508 888 3585 amplius
910 3507 1024 3579 addam,

232 3595 292 3654 Vix
314 3597 402 3655 etiam
425 3597 497 3656 haec
518 3614 609 3656 ausus
631 3597 734 3673 paucis
756 3597 901 3673 attingere
923 3597 1030 3657 verbis.

951 3716 981 3770 3,
