2770 4274
248 363 288 420 78

299 557 396 615 lucem
424 557 668 633 splendoremque
695 556 836 631 fugientis
863 556 971 614 iustam
999 554 1134 630 gloriam,
1165 556 1217 632 qui

299 646 413 704 fructus
443 651 489 704 est
518 664 606 704 verae
636 645 753 704 virtutis
785 645 1022 717 honestissimus,
1053 645 1217 720 repudiare.

300 733 483 812 Quamquam
507 735 575 807 scio,
600 753 657 811 quo
680 734 788 792 maiore
806 733 903 791 animo
921 734 1035 791 tructus
1055 733 1219 794 honestatis

299 823 329 880 in
352 824 530 882 conscientia
549 841 636 900 quam
652 823 683 880 in
697 825 774 880 lama
788 828 952 898 reponatur,
976 822 1047 898 quid
1062 819 1217 898 propterea

269 917 389 985 ructat,
414 913 439 972 si
462 918 541 971 recte
563 913 639 971 facta
659 912 741 988 sequi
761 911 893 984 voluerit,
917 929 981 969 earn
1005 929 1097 988 aequo
1120 912 1219 971 animo

299 1001 432 1059 admitti?
457 1001 539 1060 Sicut
551 1001 629 1060 enim
643 1000 742 1076 appeti
755 1001 879 1058 fortasse
889 1017 946 1058 non
961 999 1055 1072 debet,
1065 1000 1106 1058 ita
1120 1019 1219 1077 neque

302 1097 405 1165 sponte
432 1089 592 1149 adveniens
620 1089 745 1147 extrudi.
791 1089 830 1147 Et
857 1095 1011 1148 correcta
1038 1089 1219 1148 conscientia

257 1189 333 1242 [Aiiia]
345 1180 484 1238 honestae
494 1180 589 1238 famae
596 1178 796 1237 testimonium
807 1195 907 1254 asper·
916 1171 918 1260 Ι
927 1184 1054 1250 naretur,
1062 1196 1130 1236 cum
1140 1177 1218 1236 mala

300 1268 387 1326 etiam
410 1268 501 1326 invita
524 1269 686 1344 nolensque
710 1285 779 1325 suos
802 1273 893 1325 testes
917 1267 956 1325 sit
976 1266 1128 1326 habitura?
1159 1265 1217 1326 Sed

257 1368 282 1410 ro
301 1375 442 1432 quorsum
460 1358 532 1416 haec
551 1363 611 1415 tam
629 1357 717 1431 longa
735 1355 825 1414 oratio
844 1355 880 1414 de
900 1373 997 1414 rerum
1015 1355 1218 1414 historiarum-

301 1464 358 1522 que
382 1446 587 1519 conditoribus,
611 1445 648 1503 de
670 1445 757 1503 laude
780 1463 815 1503 ac
837 1445 915 1502 fama
937 1461 995 1502 non
1018 1443 1219 1519 repudianda?

300 1535 336 1593 In
372 1536 451 1594 hunc
487 1535 588 1607 finem,
630 1533 808 1592 ornatissimi
849 1532 1129 1609 prudentissimique
1162 1532 1217 1590 1111

302 1624 470 1700 Lipsenses,
493 1623 589 1682 omnia
612 1624 686 1682 haec
698 1641 716 1680 a
730 1640 778 1680 me
792 1621 939 1694 dicuntur,
963 1639 1021 1679 non
1043 1627 1077 1680 ut
1095 1621 1217 1680 doceam

300 1731 361 1786 vos,
391 1713 442 1772 sed
465 1720 499 1771 ut
521 1717 650 1772 vestram
673 1711 788 1770 laudem
813 1729 866 1770 vos
889 1710 969 1786 ipsos
992 1710 1141 1786 respicere
1163 1710 1219 1769 ali-

258 1813 282 1853 15
302 1801 417 1878 quando
449 1808 537 1878 atque
566 1817 727 1876 agnoscere
759 1817 875 1876 cogam,
907 1817 1032 1876 quorum
1060 1799 1221 1876 prudentia.

302 1891 458 1967 singularis
486 1890 639 1966 virtusque
674 1889 793 1964 egregia
820 1894 853 1947 ut
881 1889 912 1946 in
942 1888 1050 1946 ceteris
1082 1888 1219 1946 omnibus

301 1981 342 2039 ita
369 1997 485 2056 quoque
511 1980 543 2037 in
571 1980 626 2038 hoc
654 1996 762 2054 genere
785 1995 843 2036 non
866 1977 1052 2036 mediocriter
1075 1976 1218 2050 enitescit,

302 2069 351 2146 qui
374 2070 405 2126 in
423 2068 558 2127 fovendis
574 2068 658 2127 bonis
672 2067 784 2126 artibus
798 2066 994 2142 ornandisque
1009 2066 1217 2124 excellentium

302 2158 431 2216 virorum
447 2157 573 2232 ingeniis
586 2157 661 2216 nulli
674 2175 732 2214 non
742 2156 838 2214 dicam
848 2155 965 2216 urbium
975 2155 1028 2214 sed
1038 2173 1075 2213 ne
1084 2154 1216 2230 gentium

257 2257 284 2297 20
303 2247 420 2323 quidem
445 2246 543 2305 studio
565 2245 734 2305 conceditis.
775 2245 816 2302 Hi
834 2262 931 2303 mores
945 2244 1043 2316 vestri,
1068 2249 1220 2320 praestan-

302 2336 410 2395 tissimi
433 2334 692 2411 honestissimique
707 2333 765 2392 riri
779 2334 945 2409 Lipsenses,
968 2333 1040 2392 adeo
1063 2332 1218 2392 merobis

302 2427 359 2483 iam
383 2424 497 2501 pridem
519 2424 725 2497 devinxerunt,
748 2431 782 2481 ut
804 2422 921 2481 assidue
943 2440 1060 2480 mecum
1083 2422 1220 2496 cogitem,

303 2532 360 2590 quo
387 2532 453 2573 meo
480 2513 580 2572 labore
607 2512 740 2589 meisque
763 2511 873 2587 vigiliis
898 2527 1005 2569 nomen
1028 2510 1217 2586 Lipsensium

301 2603 409 2678 alioqui
432 2620 486 2680 per
509 2620 542 2661 se
563 2602 688 2660 inlustre
712 2601 782 2660 satis
805 2600 965 2673 mansuris,
993 2605 1027 2658 ut
1048 2600 1089 2658 ita
1111 2599 1219 2672 dicam,

257 2701 284 2742 25
302 2692 422 2750 vocibus
451 2691 573 2750 tradam.
618 2691 713 2768 quue
741 2707 790 2748 me
817 2689 983 2765 repperisse
1006 2687 1218 2764 propemodum

301 2781 360 2839 iam
383 2780 520 2854 arbitror,
551 2780 603 2840 sed
626 2780 718 2838 donec
740 2777 815 2837 illud
837 2778 1006 2854 partruiam,
1030 2795 1138 2854 quaeso
1161 2777 1220 2835 hoc

302 2875 444 2943 nostrum,
467 2869 523 2927 1111
545 2868 758 2941 humanissimi,
782 2867 819 2926 de
840 2873 954 2926 vestrae
977 2866 1058 2925 urbis
1077 2871 1218 2942 apparatu

302 2977 422 3018 carmen
454 2963 551 3017 vestro
582 2957 694 3016 nomini
725 2956 891 3016 dedicatum
914 2975 932 3014 a
953 2973 1001 3014 me
1031 2973 1088 3013 non
1120 2954 1220 3013 minus

302 3047 440 3124 religiose
472 3065 561 3125 quam
593 3047 619 3106 si
650 3045 745 3106 Musis
776 3045 851 3122 ipsis
886 3044 1080 3104 dedicandum
1111 3043 1222 3102 fuisset

258 3147 284 3188 30
303 3138 405 3210 fronte,
428 3141 462 3195 ut
476 3136 586 3209 soletis,
609 3153 711 3195 serena
724 3135 815 3210 legite
829 3139 917 3212 atque
931 3133 1081 3210 suscipite.
1105 3131 1220 3204 Valete,

303 3225 406 3302 optimi
428 3229 516 3302 atque
538 3224 744 3283 humanissimi
757 3223 813 3282 1111
827 3223 994 3300 Lipsenses,
1017 3226 1048 3281 et
1063 3239 1111 3280 me
1126 3221 1218 3280 vestri

279 3355 282 3363 »
303 3314 430 3388 honoris,
453 3313 587 3388 nominis,
606 3313 758 3388 dignitatis
775 3312 1024 3372 studiosissimum
1038 3311 1121 3370 vobis
1139 3327 1220 3369 com-

302 3403 471 3462 mendatum
492 3402 603 3462 habete.
636 3404 723 3462 Anno
741 3401 871 3461 MDHII.
895 3399 960 3460 XV.
975 3400 1011 3460 K.
1029 3399 1220 3460 Novembres.
