2770 4274
241 944 300 998 [nio]
335 932 607 1008 Hodoeporioon
630 932 840 1007 Hieronymi
863 931 994 991 Emser.

229 1232 286 1308 Qui
309 1240 368 1307 tua,
391 1234 473 1311 Lips,
497 1235 610 1310 primus
634 1252 724 1292 curvo
748 1234 875 1308 signavit
897 1240 992 1292 aratro

273 1323 388 1382 Moenia
411 1341 478 1382 curn
502 1323 617 1398 gemino
640 1323 855 1400 candiduloque
879 1324 960 1396 bove,

229 1412 270 1470 Te
294 1412 390 1486 simul,
414 1419 448 1470 ut
469 1413 575 1488 posuit,
599 1413 656 1470 tato
681 1412 806 1470 subiecit
828 1417 859 1470 et
880 1429 952 1470 aevo

273 1500 311 1559 nt
333 1507 384 1559 tua
407 1501 542 1577 permisit
565 1501 684 1560 volvere
707 1501 756 1558 fila
779 1501 858 1574 deas,

195 1589 269 1648 ῡῊ
292 1608 394 1666 posses
417 1591 521 1665 longos
544 1590 604 1648 illis
627 1590 831 1666 praesentibus
854 1607 944 1648 annos

272 1678 389 1752 Vivere,
413 1698 471 1738 non
493 1679 595 1755 aequis
619 1679 699 1738 onius
722 1697 789 1738 esse
811 1678 893 1737 nihil.

228 1767 304 1826 Sunt
327 1768 437 1826 etenim
460 1774 494 1826 ut
518 1768 599 1826 nobis
624 1769 667 1827 sie
690 1769 810 1826 urbibus
834 1768 931 1826 omine
955 1773 1034 1826 certo

271 1857 450 1933 Praesoripti
473 1858 547 1915 fines
570 1856 766 1933 interitusque
790 1856 844 1914 sui.

228 1945 335 2021 Sieque
359 1945 563 2004 Semiramidis
586 1946 722 2004 sublimia
745 1951 823 2004 teoto
846 1963 940 2017 ruere,

183 2047 209 2087 10
273 2034 322 2094 Sic
344 2035 530 2094 Pharaoneae
553 2053 696 2093 marmora
719 2035 799 2112 pieta
821 2034 933 2105 domne,

176 2124 178 2128 ’
228 2121 278 2181 Sio
301 2122 426 2196 Thebae,
451 2123 494 2182 sio
517 2123 603 2182 Troia
625 2124 707 2197 iacet,
732 2124 775 2181 sio
798 2122 934 2182 Pallados
957 2141 1048 2195 arces,

272 2211 321 2271 sie
344 2212 480 2288 Solymae
503 2213 562 2271 lato
585 2213 696 2288 templa
720 2213 844 2288 superba
868 2230 929 2285 suu,

228 2300 335 2376 Sioque
358 2302 539 2360 renascentis
562 2302 723 2377 flagrarunt
746 2301 861 2359 moenia
883 2301 992 2359 Romae

273 2390 374 2466 Saepe,
399 2391 450 2448 sed
474 2391 624 2465 exstingui
647 2391 780 2448 funditus
803 2389 853 2447 illa
876 2391 986 2466 nequit.

183 2490 208 2530 15
228 2477 291 2537 Neo
314 2485 355 2552 tn,
378 2479 459 2556 Lips,
484 2481 605 2556 posthae
628 2479 722 2537 caeeis
746 2479 871 2538 obnoxia
895 2480 962 2537 fatis

272 2567 399 2626 Debebis
422 2569 509 2626 morti
533 2574 598 2627 teve
621 2568 747 2626 decusve
770 2575 863 2627 tuum.

227 2656 303 2716 Nam
326 2657 378 2715 tibi
401 2663 562 2734 perpetuae
585 2657 704 2716 donavit
729 2675 850 2715 munera
874 2656 950 2716 vitae

272 2745 419 2804 Busohius
442 2747 535 2805 Aonio
558 2752 626 2804 vota
648 2747 789 2822 probante
812 2747 908 2804 choro

228 2832 323 2906 Quare
345 2854 400 2910 age
423 2835 459 2894 de
482 2841 570 2907 tanto,
595 2854 631 2894 ne
656 2835 695 2894 sis
719 2835 875 2894 inamabile
899 2853 1013 2908 nomen,

182 2934 209 2974 20
272 2923 394 2983 Munere
416 2924 474 2982 iam
498 2925 558 2983 vati
581 2925 621 2982 sis
644 2925 717 2983 bene
739 2929 821 3000 grata
844 2925 908 2982 tuo!
