2770 4274
235 355 277 412 46
544 373 685 428 1101111110,
708 373 883 414 nortmanos.

305 547 387 608 Talia
410 549 576 608 construxit
598 567 696 610 sacras
718 557 906 610 monumenta
929 569 983 628 per
1004 553 1102 611 aedes.

306 637 365 696 Sed
388 639 457 716 quia
479 657 558 696 nunc
580 639 650 697 fidei
673 657 731 698 non
755 644 801 698 est
824 646 962 716 suscepta
984 641 1110 700 tuendae

306 725 374 786 Vlla
396 728 469 787 mihi
491 727 573 802 ratio,
598 728 650 786 sed
673 734 787 787 tantum
809 746 898 805 opera
921 729 1024 789 inclita
1045 748 1144 789 rerum

235 827 287 870 1120
305 816 420 889 Dicere,
444 834 519 893 quae
547 823 677 876 nostram
700 824 770 876 sunt
791 817 919 894 plurima
944 824 1011 877 nota
1033 836 1086 894 per
1108 821 1219 893 urbem,

306 905 363 964 Sed
386 907 533 965 celebrata
555 905 662 978 minus,
685 906 783 964 visum
806 913 853 966 est
875 911 906 966 et
928 907 1056 965 carmine
1079 907 1201 983 dignum

305 994 369 1054 Hoc
391 1012 466 1071 opus
488 994 638 1053 aediculae
660 995 734 1052 nulli
757 996 880 1054 fortasse
903 996 1074 1068 secundum,

304 1084 349 1143 De
372 1101 482 1159 genere
505 1083 560 1141 1100
581 1101 710 1159 operum.
747 1083 840 1143 Niveo
864 1090 922 1143 stat
944 1103 1089 1144 marmore
1112 1085 1219 1143 fultum

305 1173 457 1248 Vegrandi
478 1172 563 1249 pede,
579 1191 675 1248 quam
699 1173 803 1232 subtus
825 1173 960 1232 nituntur
981 1173 1115 1232 Atlantes

235 1273 286 1314 1125
305 1260 386 1335 Tres,
410 1262 492 1320 velut
514 1261 665 1320 incumbat
686 1262 780 1320 moles
803 1262 924 1336 ruitura,
948 1262 1003 1320 nisi
1025 1262 1083 1339 ipsi

305 1350 487 1426 Sustineant3
511 1369 581 1410 mox
604 1355 708 1426 coepta
731 1351 792 1409 basi
816 1351 967 1426 consurgit
989 1353 1025 1410 ab
1048 1352 1107 1410 ima

305 1439 408 1498 Celsae
431 1439 600 1515 pyramidos
623 1440 714 1498 turris
737 1440 873 1498 simulata
896 1441 1028 1515 figuram.

305 1526 487 1604 Quamquam
516 1528 617 1586 stricta
641 1529 736 1604 magis
759 1529 922 1606 longaeque
946 1529 1096 1588 simillima
1118 1526 1219 1604 virgae

304 1617 405 1676 Ardua
428 1635 577 1676 convexae
600 1617 758 1676 testudinis
781 1617 883 1676 ultima
905 1623 1013 1694 tangat,

236 1717 286 1758 uao
304 1705 448 1764 Marmore
470 1710 531 1764 tota
553 1705 658 1778 nitere,
681 1710 742 1764 tota
764 1707 953 1765 exactissima
975 1707 1049 1765 miro

304 1794 426 1869 Ingenio
448 1794 582 1871 artificis;
606 1793 763 1870 variusque
785 1801 815 1853 et
836 1796 948 1854 lumina
970 1796 1076 1854 fallens

305 1882 382 1942 Ordo
405 1884 614 1956 columnarum,
638 1901 712 1959 quas
736 1882 847 1941 circum
869 1902 982 1960 perque
1006 1901 1153 1961 supraque

305 1972 420 2031 Textile
444 1973 539 2047 surgit
560 1989 643 2048 opus,
666 1977 807 2048 tanquam
830 1972 855 2030 si
877 1991 1023 2032 marmora
1044 1973 1125 2032 flexu

306 2061 471 2120 Curventur
493 2061 648 2138 flexusque
671 2061 809 2138 sequacia
831 2062 882 2120 fila
903 2067 1062 2120 morentur.

235 2162 286 2203 1100
305 2149 371 2208 Non
395 2167 481 2208 secus
503 2168 538 2208 ac
560 2151 649 2209 ramis
673 2169 739 2210 sese
761 2156 880 2209 textura
902 2150 1034 2210 recurvis

305 2238 442 2314 Implicet
463 2257 498 2298 ac
521 2244 632 2299 mutata
654 2239 718 2298 loco
741 2258 817 2298 nova
838 2240 897 2313 fiat,
920 2239 961 2298 ita
984 2240 1063 2298 omni

304 2328 375 2386 Arte
398 2327 589 2386 columnellae
612 2328 733 2401 variant,
757 2346 931 2405 semperque
955 2334 1073 2387 renatae

305 2415 492 2490 Consurgunt
513 2416 595 2489 aliae,
619 2435 692 2493 quas
715 2417 793 2476 inter
815 2417 897 2476 mille
920 2418 1052 2476 relucent

304 2503 394 2580 Signa
417 2505 498 2562 velut
519 2505 620 2563 vivum
644 2506 796 2582 spirantia:
821 2506 933 2564 dixeris
955 2506 1014 2582 ipsi

235 2605 285 2647 1140
302 2593 452 2652 Infudisse
474 2594 587 2654 animas
608 2594 709 2670 lapidi,
732 2595 783 2671 qui
806 2595 883 2654 iecit.
920 2595 979 2654 Vbi
1002 2601 1101 2654 autem

233 2693 304 2746 [riijb]
328 2682 364 2741 In
388 2700 536 2740 summum
558 2683 616 2741 iam
639 2684 732 2742 crevit
755 2701 838 2759 opus,
861 2684 920 2742 iarn
943 2685 1065 2759 contigit
1086 2703 1188 2743 arcum

303 2771 434 2829 Fornicis
457 2771 566 2830 excelsi
588 2790 644 2831 nec
665 2773 724 2831 iam
748 2790 838 2848 super
860 2773 920 2831 ulla
943 2773 1047 2831 relicta
1070 2779 1115 2832 est

304 2859 464 2919 Crescendi
487 2861 568 2931 10110,
591 2867 654 2919 tum
678 2879 711 2920 se
734 2861 770 2920 de
794 2861 903 2920 vertice
926 2879 1041 2920 summo

303 2948 454 3026 Tanquam
477 2951 609 3010 obstante
633 2950 689 3008 sibi
711 2950 859 3010 testudine
882 2951 974 3010 fracta
996 2956 1140 3010 recurvat.

233 3051 284 3092 1110
303 3036 384 3111 Quae
407 3037 433 3096 si
456 3044 561 3098 cuncta
582 3039 690 3115 aliquis
712 3038 845 3098 miranda
867 3039 977 3115 putarit
999 3039 1030 3097 in
1052 3057 1128 3112 aere,

303 3126 386 3200 Quod
410 3126 494 3185 fundi
517 3128 647 3204 fingique
670 3133 775 3204 potest,
798 3128 878 3186 flecti
901 3133 989 3204 atque
1012 3128 1131 3197 reflecti,

303 3216 363 3275 Cur
386 3233 443 3274 non
466 3215 522 3274 hoc
543 3217 642 3292 potius
665 3217 789 3276 miretur
810 3235 954 3276 marmora
977 3217 1072 3292 frangi

302 3305 384 3364 Dura
405 3304 499 3377 modo,
522 3312 556 3363 ut
578 3305 712 3364 manibus
734 3306 889 3365 videantur
911 3323 999 3381 posse
1021 3305 1150 3364 reflecti?

303 3393 406 3453 Cetera
429 3411 503 3469 quae
526 3393 650 3452 dicenda
673 3413 762 3470 super
784 3395 857 3452 milri
880 3395 965 3472 plura
987 3396 1114 3468 1110111111,

232 3495 285 3537 nso
302 3482 454 3541 Admirata
476 3482 573 3558 operis
598 3482 785 3559 splendorem
807 3483 893 3542 Musa
915 3484 1042 3560 negavit.
