2770 4274
337 1137 405 1191 intra]
430 1125 648 1185 Consulibus
673 1127 887 1204 senatuique
910 1127 1079 1204 Lipsensi

334 1232 557 1292 Hermannus
580 1233 759 1293 Buschius
783 1234 993 1310 Pasiphilus
1017 1233 1179 1293 salutem.

367 1374 520 1433 Praeclara
536 1376 610 1434 ratio
630 1381 683 1450 est,
704 1376 758 1434 viri
778 1376 947 1452 Lipsenses,
971 1395 1036 1434 meo
1057 1377 1165 1436 iudicio
1186 1382 1219 1436 et

301 1462 330 1520 in
351 1462 455 1538 primis
476 1464 565 1536 utilis,
589 1483 647 1541 qua
670 1483 771 1524 omnes
794 1467 854 1523 fere
877 1471 1012 1540 potentes
1032 1471 1063 1524 et
1080 1466 1219 1542 egregiae

269 1553 396 1625 aurbes,
419 1552 508 1610 inuno
531 1553 588 1628 ipsi
612 1553 729 1611 urbium
754 1560 784 1612 et
806 1572 963 1628 regnorum
984 1555 1132 1630 principes
1147 1573 1218 1614 suas

300 1659 372 1715 pace
381 1646 411 1699 et
420 1641 504 1714 belle,
513 1641 591 1699 domi
601 1643 731 1719 forisque
740 1660 787 1701 res
795 1647 894 1717 gestas
904 1642 1041 1701 fidelibus
1051 1643 1216 1701 litterarum

301 1730 497 1788 monumentis
514 1731 630 1806 publice
645 1732 841 1789 commendari
855 1733 890 1790 ab
905 1732 987 1790 initio
1002 1750 1121 1808 semper
1133 1732 1218 1797 volu-

300 1823 393 1876 erunt.
440 1819 533 1878 Tanto
561 1820 650 1878 etiam
677 1820 775 1878 studio
803 1839 904 1879 comm
931 1826 1018 1896 atque
1041 1821 1140 1879 favore
1164 1821 1217 1897 qui

301 1907 355 1965 hoo
379 1926 452 1984 opus
475 1914 526 1966 aut
548 1914 660 1966 tentare
684 1915 753 1967 sunt
775 1909 840 1966 ausi
863 1915 914 1968 aut
936 1909 1060 1967 feliciter
1082 1911 1217 1984 aggressi

256 2007 281 2048 10
300 1997 499 2071 periecerunt,
534 2003 567 2055 ut
601 1997 737 2055 maximis
775 2015 825 2056 eos
858 1998 1016 2056 honoribus
1053 1998 1218 2074 opibusque

301 2091 369 2142 sunt
390 2085 548 2161 prosecuti.
587 2079 635 2145 Sic
652 2086 865 2161 Thucydidem,
889 2087 1095 2162 imperatorem
1119 2105 1216 2160 suum,

299 2174 493 2232 Athenienses
516 2175 633 2234 ciuitate
656 2176 791 2248 eiectum,
815 2195 882 2234 cum
906 2177 943 2233 ad
958 2175 1145 2234 scribendum
1167 2193 1217 2234 res

299 2269 398 2337 gestas
429 2281 531 2321 eorum
561 2282 592 2322 se
619 2264 805 2337 contulisset,
836 2265 866 2322 in
894 2264 1018 2340 patriam
1045 2266 1081 2322 ab
1110 2264 1217 2323 exsilio

299 2352 396 2426 ipsum
433 2359 644 2411 revocavenmt
675 2354 852 2412 honomntes
884 2353 1093 2430 eloquentiam,
1130 2354 1217 2413 cuius

256 2452 281 2492 re
299 2447 365 2499 ante
388 2440 527 2499 uirtutem
557 2442 776 2500 damnaverunt.
822 2443 871 2501 Sic
898 2449 927 2501 et
954 2442 1135 2512 Alexander,
1164 2442 1217 2500 ille

300 2529 389 2587 totius
417 2530 535 2589 orientis
563 2531 699 2605 domitor,
727 2531 843 2590 cuidam
866 2538 968 2608 poetae
991 2531 1088 2588 minus
1110 2531 1216 2590 idoneo

300 2617 376 2677 bella
408 2625 438 2677 et
469 2638 556 2697 opera
588 2620 682 2695 ipsius
719 2639 896 2697 quamquam
928 2638 1033 2696 parum
1065 2639 1103 2678 ex
1135 2620 1216 2694 regis

300 2707 442 2782 dignitate
479 2711 632 2784 complexo
669 2728 721 2784 pro
754 2709 879 2784 singulis
912 2709 1045 2766 versibus
1082 2709 1216 2783 singulos

299 2795 448 2873 philippos
477 2816 581 2856 aureos
613 2798 734 2874 rependi
762 2798 856 2856 iussit.
903 2796 995 2870 Quem
1025 2798 1157 2856 imitatus
1186 2805 1217 2856 et

253 2895 280 2936 20
299 2885 364 2960 ipse
388 2886 490 2944 bellica
504 2886 613 2945 virtute
627 2906 751 2962 magnus
767 2887 819 2945 Cn.
834 2887 993 2963 Pompeius
1007 2887 1214 2962 Theophanem

299 2974 505 3049 Mytileneum,
537 2977 708 3052 scriptorem
736 2995 835 3035 rerum
864 2994 996 3047 suarum,
1026 2977 1057 3033 in
1080 2976 1215 3036 contione

299 3063 426 3121 rnilitum
454 3065 570 3124 civitate
599 3065 724 3124 donavit.
770 3065 848 3124 Hinc
870 3065 983 3123 Plinius
1006 3065 1101 3142 inquit
1124 3065 1216 3123 moris

298 3152 410 3228 antiqui
444 3153 536 3212 fuisse
570 3172 633 3227 eos,
669 3154 720 3230 qui
746 3155 794 3212 vel
825 3154 1007 3229 singularum
1036 3153 1138 3212 laudes
1166 3154 1216 3212 rel

299 3241 415 3299 urbium
440 3249 638 3318 susceperant,
661 3248 712 3301 aut
728 3244 886 3302 honoribus
901 3249 952 3302 aut
966 3243 1089 3318 pecunia
1103 3261 1215 3302 ornare.

253 3341 280 3381 25
298 3329 336 3388 Et
360 3336 446 3403 certe,
469 3336 504 3388 ut
532 3331 609 3390 idem
637 3336 737 3390 auctor
763 3332 832 3391 alibi
855 3350 970 3408 quoque
993 3332 1049 3390 ait:
1079 3333 1103 3390 si
1127 3350 1216 3390 cimae

299 3419 382 3477 nobis
405 3437 471 3478 esse
495 3420 582 3492 solet,
610 3426 644 3478 ut
667 3421 757 3479 facies
780 3429 891 3494 nostia,
916 3440 991 3497 quae
1015 3422 1097 3480 brevi
1121 3420 1228 3497 spatio,

298 3508 402 3566 aetatis
416 3509 496 3566 canis
512 3509 698 3582 deformatur,
712 3510 796 3585 rugis
810 3516 916 3582 aratur,
926 3511 962 3568 ab
977 3511 1086 3586 optimo
1096 3527 1215 3586 quoque

298 3597 407 3655 artifice
422 3597 611 3673 exprimatm',
621 3617 675 3656 cur
687 3617 745 3656 non
758 3599 856 3674 potius
871 3604 1015 3674 optamus,
1030 3605 1064 3658 ut
1077 3598 1216 3674 operibus
