2770 4274
478 373 617 429 EOBANVS,
641 373 817 414 NORIBERGA.

216 549 310 610 Saxea
333 551 492 610 visceribus
516 553 641 610 subsunt
664 551 733 623 sola,
757 550 867 609 dixeris
890 569 982 608 uuum

159 651 201 693 555
214 639 289 699 11555
313 657 415 698 omnes
437 640 566 716 lapidem
588 639 687 713 eolles,
711 659 778 698 nam
801 640 933 715 pluribus
956 640 1047 699 antris

214 728 343 802 Eruitur,
366 729 536 805 passimque
560 747 667 804 specus
691 729 789 787 nativa
812 730 926 788 theatra

216 817 360 892 Saxiiragi
383 818 495 876 duount
517 835 633 894 unoque
656 836 673 876 5
696 835 839 876 marmore
862 836 961 876 muros

214 907 361 981 Ingentes,
385 923 530 983 nusquam
553 907 651 978 rimae,
675 925 732 965 non
755 906 876 965 vulnera
899 925 1004 965 saxum

214 995 282 1054 Vlla
305 1013 358 1072 per
379 995 535 1071 integrum,
559 995 616 1053 nisi
639 1013 713 1072 quae
735 996 831 1054 iecere
853 995 965 1054 ruendo

161 1096 201 1138 555
216 1084 377 1144 (laedentes
399 1084 501 1143 latomi
523 1084 648 1160 lapidosi
671 1083 784 1142 visoera
807 1085 922 1143 montis.

162 1173 340 1239 [araturam
362 1191 452 1232 55555
476 1173 612 1232 scindunt
635 1173 727 1231 multa
750 1173 779 1230 m'
801 1172 892 1232 fissile
916 1191 1020 1231 saxum

213 1262 249 1320 In
272 1268 428 1339 partesque
451 1268 551 1321 555555
574 1262 668 1320 varias
692 1261 876 1338 quadrasque
899 1262 1034 1320 recidunt

214 1350 359 1410 Inforrnes
382 1351 521 1426 gravibus
544 1351 694 1426 poliendas
716 1350 785 1408 inda
808 1350 935 1409 dolabris

215 1440 385 1516 Artifioique
408 1458 498 1498 manu
520 1445 684 1499 structurae
707 1439 737 1496 in
760 1457 867 1498 nomen
888 1439 990 1498 ituras.

163 1541 201 1582 500
215 1529 343 1588 Assiduo
365 1528 466 1586 rideas
490 1529 586 1587 studio
609 1529 721 1586 fervere
743 1528 873 1587 laborem
999 1523 1004 1534 ’

214 1618 335 1676 Frustra
357 1617 538 1676 residentum
561 1617 699 1676 camerati
720 1617 830 1676 fornice
853 1617 917 1675 saxi

215 1709 312 1783 Atque
335 1707 416 1782 ipsos
439 1707 568 1782 pendere
591 1706 672 1764 velut
694 1706 731 1765 de
754 1707 877 1782 rupibus
899 1706 966 1765 altis

214 1795 369 1872 Molirique
393 1795 455 1854 suis
478 1813 494 1854 e
516 1795 638 1864 sedibus
661 1795 752 1854 ardua
773 1795 880 1854 montis

214 1884 350 1959 Visoera3
375 1884 521 1959 saxifraga
543 1884 635 1943 valles
658 1886 798 1960 plangore
820 1885 971 1943 resultant.

163 1985 200 2028 505
214 1973 262 2031 Illi
285 1973 367 2050 operi
388 1974 562 2031 incumbunt
584 1979 673 2049 atquo
696 1973 802 2031 ictibus
825 1977 893 2032 abra
915 1978 1057 2049 rumpunt

214 2061 376 2138 Perpetuis,
399 2062 457 2121 iam
482 2081 552 2120 saxa
575 2080 646 2120 ouva
668 2062 706 2120 de
729 2062 799 2120 sede
821 2062 914 2120 reoisa

214 2151 311 2210 Prona
332 2156 423 2209 ruunt
446 2156 586 2227 vastoque
608 2155 781 2209 trementem
804 2151 932 2227 pondere
955 2155 1064 2208 terram

216 2240 400 2312 Concutiunt,
422 2240 510 2314 longo
534 2239 630 2298 sonitu
652 2258 756 2298 nemus
779 2257 864 2298 omne
886 2239 1021 2314 remugit.

214 2328 277 2388 Neo
301 2329 394 2387 minor
416 2329 463 2387 his
485 2328 566 2386 labor
588 2333 641 2401 est,
664 2328 716 2404 qui
738 2329 862 2386 fortibus
886 2328 985 2386 ordine
1008 2328 1097 2403 longo

162 2430 201 2472 ooo
216 2418 356 2478 Curribus
379 2417 539 2495 expediunt
562 2416 644 2476 etin
667 2418 770 2476 urbem
795 2435 866 2476 saxa
888 2421 1043 2494 reportant.

468 2648 559 2707 Fons
581 2648 623 2706 ad
645 2647 870 2725 lapidioiuas

260 2773 414 2832 Praeterea
435 2773 585 2832 arboribus
608 2773 690 2832 loous
712 2778 757 2832 555
772 2778 802 2832 55
816 2790 955 2831 amoenus
969 2777 999 2831 et
1015 2771 1129 2830 umbris

214 2861 358 2937 Frigidus,
382 2867 413 2921 et
434 2862 517 2920 iuxta
539 2863 604 2920 fons
626 2862 657 2919 in
680 2862 810 2921 oonvalle
833 2861 1004 2938 propinqua,

215 2951 318 3009 Abieta
342 2953 396 3010 sub
419 2951 504 3027 nigra
526 2956 625 3009 manat
647 2951 844 3025 gelidissimus
867 2950 946 3009 unda

215 3039 353 3098 Inclusus
377 3045 456 3099 seoto
479 3039 577 3116 lapidi,
601 3039 765 3099 sitientibus
788 3041 857 3098 olim

162 3140 202 3182 005
215 3128 309 3187 Dulee
331 3129 528 3205 refrigerium:
552 3147 610 3187 non
632 3129 716 3187 illum
740 3129 809 3188 solis
832 3128 925 3205 iniqui

217 3216 396 3293 Contingunt
418 3218 500 3291 radii,
524 3235 582 3276 non
605 3218 729 3278 densum
752 3218 846 3293 frigus
868 3217 973 3291 adurit,

217 3306 289 3364 Tam
311 3307 386 3364 rami
407 3301 534 3366 nemoris
558 3325 674 3384 semper
696 3307 857 3366 frondentis
880 3306 1049 3364 inumbrant

162 3437 166 3442 -
215 3394 254 3453 Et
276 3395 371 3454 munit
394 3401 497 3454 natura
520 3396 583 3469 looi,
607 3414 674 3454 nam
697 3414 817 3472 pressus
839 3395 870 3453 15
891 3395 950 3454 ima

215 3483 301 3542 Valle
324 3489 485 3543 ooarotatur
506 3481 638 3560 lapidum
661 3485 822 3544 munimine
845 3484 977 3561 pulchr0,

163 3584 202 3626 510
216 3572 258 3631 Vt
280 3573 304 3631 si
327 3574 402 3632 forte
425 3573 504 3632 sitim
528 3574 568 3632 sis
592 3573 800 3648 exstincturus,
823 3574 861 3631 ad
884 3573 983 3650 ipsum
1007 3619 1009 3622 .
1043 3619 1044 3624 1
1070 3619 1072 3624 ,
