2770 4274
529 341 673 397 avsomvs,
696 341 815 382 mrsmn.
949 331 950 334 ’
1114 324 1154 382 89

243 520 280 579 Et
303 537 502 596 quoscumque
525 519 594 578 ferit
616 538 690 595 vaga
714 519 847 578 Thetidis
870 519 949 577 unda
971 518 1088 594 lapillos

244 608 381 686 Quosque
404 614 521 668 tumens
537 609 639 683 Indus,
663 608 759 668 clarus
782 627 856 686 quos
879 608 975 666 hmdit
996 607 1155 684 Hydaspes

148 739 151 743 .
242 697 281 756 Et
304 716 377 776 quos
400 698 576 774 Aethiopum
599 699 720 756 mittunt
741 698 910 775 Lybiaeque
934 697 1027 756 coloni

244 786 379 865 Quotque
401 777 583 846 Ichnusiacis
606 787 771 863 Siculisque
794 787 932 862 leguntur
953 787 985 844 in
1008 787 1066 845 oris

189 875 229 930 345
243 877 374 953 Impiger
396 878 454 935 huc
476 877 533 936 alio
557 878 695 936 transfert
718 882 860 935 mercator
881 877 917 935 ab
941 877 1019 935 orbe.

242 965 299 1024 Hic
322 966 374 1024 tibi
397 971 604 1039 monstrantur,
627 966 749 1025 Phidiae
771 985 845 1043 quae
868 965 987 1025 credere
1010 964 1105 1042 possis

242 1054 400 1131 Marmora;
425 1055 450 1114 si
472 1056 566 1132 pictas
589 1056 682 1114 mavis
705 1061 837 1132 spectare
860 1054 990 1127 tabellas,

243 1144 300 1203 Hic
322 1150 368 1203 000
390 1163 464 1222 quae
488 1144 580 1204 Coum
603 1145 701 1203 00000
723 1145 836 1221 pictura
858 1145 1039 1220 magistrum,

242 1233 299 1291 Hic
322 1239 353 1292 et
374 1233 474 1292 felices
497 1234 606 1293 iactant
628 1252 681 1293 sua
703 1239 768 1292 tura
792 1233 902 1308 Sabaei,

189 1335 229 1376 aso
243 1321 300 1381 Hic
324 1323 431 1382 Cilices
453 1327 483 1382 et
505 1323 555 1382 fila¹
578 1323 663 1397 croci,
688 1341 740 1381 000
762 1323 891 1382 balsama
914 1323 1018 1382 molles

242 1411 299 1470 Hic
321 1413 452 1471 redolent
474 1413 663 1490 venduntque
686 1412 767 1488 Syri3
790 1431 869 1470 nunc
891 1412 996 1471 messis
1019 1411 1133 1485 amomi,

243 1501 329 1560 Nunc
352 1502 448 1560 casiae
471 1521 529 1560 non
552 1521 639 1579 parca
662 1519 756 1578 seges,
779 1521 857 1560 0000
879 1520 1023 1576 cynnama
1044 1502 1126 1576 larga

243 1589 484 1669 Caucaseumque
507 1592 601 1668 piper,
624 1591 725 1650 Pharii
747 1610 824 1650 uunc
847 1591 954 1650 vimina
977 1591 1051 1650 costi

244 1679 382 1755 Surgunt,
405 1685 435 1739 00
456 1687 540 1756 grato
562 1699 648 1740 nares
670 1687 852 1740 remorantur
874 1681 970 1739 odore.

189 1781 229 1822 sco
243 1767 300 1827 Hic
322 1767 487 1828 Nomadum
512 1788 567 1828 nec
590 1776 687 1830 cessat
708 1772 781 1829 ebur
803 1788 859 1829 000
881 1770 1002 1828 barbara
1024 1769 1123 1843 010000,

190 1869 256 1923 [Cito]
275 1857 428 1933 Myrrhina
450 1877 504 1918 nec
527 1860 642 1936 cupidis
664 1859 713 1917 hic
736 1877 790 1918 000
813 1858 982 1934 crystallina
1004 1858 1112 1917 desunt

243 1947 306 2006 Nec
328 1948 442 2022 calices,
466 1967 540 2025 quos
562 1948 648 2007 Nilus
671 1953 762 2024 amat;
786 1965 957 2024 percurrere
981 1947 1033 2006 sed
1056 1948 1123 2023 quis

244 2036 356 2096 Cuncta
373 2040 487 2113 potest?
516 2037 573 2096 Hic
587 2043 633 2096 est
646 2055 798 2114 procerum
813 2037 891 2115 quod
904 2055 975 2095 cura
988 2036 1155 2112 ducumque

242 2125 271 2184 N
272 2144 309 2184 on
323 2126 423 2202 fugiat,
447 2127 526 2204 quod
539 2127 621 2186 fortis
635 2145 735 2204 eques,
752 2126 831 2203 quod
846 2125 1018 2203 splendidus
1033 2131 1063 2184 et
1077 2126 1155 2203 quod

188 2227 229 2268 seo
243 2214 427 2274 Luxuriosus
450 2221 529 2276 emat
551 2235 605 2275 000
627 2235 685 2275 000
709 2234 767 2292 quo
790 2215 929 2292 pauperis
952 2233 1024 2275 usus

243 2303 378 2380 Indigeat
399 2312 572 2383 mystesque
595 2305 662 2383 pius
685 2305 762 2382 quod
787 2305 922 2364 vendicet
944 2323 1011 2364 acre

242 2393 281 2452 Et
303 2394 427 2454 redimat
449 2395 526 2470 quod
549 2396 635 2453 turba
658 2413 711 2454 sno
734 2395 872 2468 studiosa,
897 2395 1020 2452 decorus

243 2482 299 2541 Hic
321 2489 367 2542 est
389 2484 467 2560 quod
489 2484 606 2542 iuvenis
628 2489 710 2559 petat
732 2489 763 2542 00
784 2483 958 2559 virguncula
979 2487 1076 2558 gestet

243 2571 282 2630 Et
305 2578 435 2631 matrona
458 2573 573 2647 decens,
597 2574 645 2631 hic
668 2573 746 2650 quod
769 2572 874 2632 tellure
896 2572 1027 2648 marique

189 2673 228 2714 aas
243 2661 339 2732 Prosit
362 2667 392 2721 et
414 2663 557 2721 humanos
579 2662 662 2721 iuvet
683 2662 868 2739 excipiatque
889 2662 1011 2720 labores.

242 2749 329 2810 Nunc
351 2751 387 2808 ad
411 2757 592 2827 postremum
615 2751 705 2811 decus
727 2757 757 2810 et
780 2771 836 2829 quo
859 2751 975 2810 nomine
998 2751 1093 2809 claros

242 2839 314 2916 Lips
336 2840 397 2899 adit
419 2840 484 2917 ipsa
506 2841 589 2917 polos
611 2846 698 2917 atque
721 2842 838 2900 aethera
861 2841 968 2899 vertice
990 2840 1089 2916 pulsat

242 2932 427 3006 Appropero:
452 2931 558 3004 sileant
578 2930 675 2989 Eurus
698 2929 903 3006 Nabataeaque
926 2948 1017 3004 regna

244 3017 362 3078 Secreto
384 3020 421 3078 de
444 3021 523 3078 fonte
545 3019 624 3078 viros
646 3019 802 3096 phialaque
826 3019 956 3078 bibentes

189 3119 229 3161 ero
243 3107 388 3183 Tantalea,
412 3115 514 3184 gentes
537 3109 694 3184 longaevos
716 3108 973 3185 gymnosophistas

242 3197 419 3274 Aethiopum
442 3204 565 3272 taceant,
588 3197 697 3274 pudeat
718 3204 747 3257 te
770 3217 874 3273 magne
897 3204 1014 3256 tuorum

242 3285 310 3346 Nile
334 3287 524 3362 sacerdotum,
549 3305 603 3345 nec
625 3288 726 3346 doctos
749 3287 851 3346 Persia
874 3287 963 3346 iactet

241 3375 380 3452 anuam
403 3377 478 3434 elata
500 3395 609 3452 magos,
632 3376 759 3436 Druidas
783 3383 812 3436 et
837 3375 930 3435 Gallia
952 3376 1052 3435 clauso

243 3463 301 3523 Ore
325 3471 438 3542 premat
461 3466 591 3524 tandem!

188 3566 228 3608 ars
243 3552 392 3632 Quidquid
416 3554 484 3614 Sole
506 3555 628 3613 Rhodus
652 3554 796 3614 celebrata
818 3559 848 3614 ct
871 3555 985 3614 moenia
1006 3554 1106 3630 magni
