2770 4274
211 351 251 409 52
521 365 661 422 nosauvs,
683 359 861 406 normanus.

282 543 430 621 Quidquid
452 537 564 616 idest,
585 543 651 601 sive
674 543 717 600 ira
739 542 827 600 deum
852 559 904 600 seu
927 558 1021 617 poena
1043 540 1197 614 malorum,

281 633 477 709 Praecipitate
491 629 594 708 1iaoent
616 632 718 709 utique
740 638 770 690 et
791 631 842 688 vix
866 647 954 706 posse
976 629 1115 689 videntur

282 723 308 781 A
330 729 390 782 tam
414 709 570 798 pestilerae
593 739 625 779 se
648 720 780 779 attollere
803 719 885 778 clade
908 718 1008 777 ruinae

211 823 264 866 1320
282 797 595 874 Rursus'.et.'·a'missas
618 827 672 885 per
695 827 726 867 se
748 809 813 884 ipsa
835 825 984 866 resumere
1006 808 1092 880 vires,

282 890 466 982 Ni‘oareant
489 900 586 972 urbes,
609 916 734 974 quarum
756 903 802 956 est
824 897 918 972 magis
941 896 1076 956 omuibus
1097 896 1177 955 inter

277 990 432 1064 ‚Amissum
456 1005 592 1046 revocare
615 987 715 1060 decus,
738 986 796 1044 nisi
818 986 945 1062 denique
968 1003 1053 1060 reges

256 1079 453 1161 9llrudtarum
476 1083 600 1153 pergant
622 1094 710 1152 opera
731 1075 894 1134 instaurare
918 1074 1092 1134 scholarum.

243 1195 264 1211 «ι
278 1155 367 1239 Quod
391 1167 416 1224 si
439 1184 497 1224 non
519 1165 635 1238 facient,
658 1164 737 1241 quod
761 1165 786 1222 si
809 1168 995 1222 oontemnere
1018 1169 1141 1239 pergent

194 1255 273 1330 frear
283 1256 364 1315 Haeo
385 1255 502 1332 monita,
525 1255 578 1313 has
601 1255 660 1312 fido
683 1259 832 1329 promptas
855 1252 893 1311 de
916 1258 1032 1328 pectore
1054 1269 1153 1325 voees,

138 1349 192 1404 -““,
283 1344 328 1403 Ne
351 1345 432 1416 mihi,
456 1361 493 1401 ne
515 1343 605 1401 libeat
627 1343 751 1414 foedam,
775 1340 938 1414 Germania,
962 1341 1075 1400 cladem

283 1434 419 1492 Divinare
442 1432 507 1508 tibi3
531 1450 585 1490 nee
607 1432 686 1490 enim
709 1448 787 1489 nune
810 1449 880 1488 vera
903 1431 1032 1488 monenti

284 1523 328 1581 Tu
351 1522 461 1594 eredes,
485 1521 578 1579 donee
600 1521 719 1578 veniant
740 1519 793 1577 tibi
816 1519 902 1595 plena
925 1519 1053 1595 querelis

284 1611 433 1687 Tempora,
457 1627 525 1668 oum
549 1627 614 1668 sero
637 1609 740 1685 cupies
764 1609 897 1684 sapuisse
920 1626 975 1666 nee
998 1607 1059 1666 ulla

212 1714 265 1755 1330
285 1701 425 1759 Cladibus
447 1699 512 1775 ipsa
535 1698 594 1756 tuis
616 1696 726 1774 poteris
749 1697 859 1756 ratione
882 1696 1001 1769 mederi,

284 1790 357 1848 Cum
382 1806 477 1865 neque
500 1787 551 1863 qui
574 1805 670 1845 mores
693 1804 789 1862 neque
812 1786 863 1862 qui
886 1785 981 1844 civilia
1003 1785 1068 1844 iura

284 1878 469 1936 Constituant
491 1876 647 1952 puerisque
671 1876 730 1933 tuis
753 1875 907 1934 ostendere
929 1874 1043 1950 possint

284 1967 408 2042 Cognita
431 1966 573 2024 maiorum
596 1965 729 2039 vestigia,
752 1982 820 2022 oum
842 1982 897 2022 neo
919 1963 1048 2035 habebis,

284 2055 340 2128 Qui
362 2055 414 2113 tibi
438 2054 485 2113 vel
509 2054 607 2128 magui
630 2053 744 2129 possint
767 2053 882 2110 oracula
906 2052 1013 2111 Christi

214 2158 265 2198 raas
283 2144 341 2203 Vel
365 2163 446 2202 saera
469 2149 606 2200 ventosae
630 2141 768 2216 mysteria
790 2142 904 2200 tradere
927 2141 1014 2217 plebi.

328 2233 425 2291 Huius
447 2232 478 2289 id
500 2232 645 2307 aspiciens
667 2231 749 2289 urbis
772 2230 820 2306 pia
842 2249 912 2288 cura
936 2235 1063 2302 senatus,

284 2323 365 2381 Haeo
388 2326 531 2393 metuens,
555 2338 592 2378 ne
615 2320 720 2377 damna
744 2319 805 2377 suis
828 2319 858 2376 in
881 2319 994 2377 oivibus
1016 2319 1086 2377 olim

285 2411 468 2485 Contingent,
492 2409 614 2485 cupiens
637 2409 773 2466 miseram
797 2408 905 2466 sarcire
928 2407 1041 2465 ruinam

285 2499 417 2558 Praemia
439 2498 591 2574 proposuit
614 2498 719 2555 studiis
742 2495 902 2573 eademque
925 2497 1064 2573 professis

214 2602 265 2643 raro
281 2600 354 2654 [biijb]
373 2587 512 2660 lusitane,
536 2587 586 2663 qui
608 2587 682 2644 forte
705 2587 798 2644 velint
820 2605 888 2644 eum
911 2586 998 2644 laude
1020 2586 1136 2644 brtrrros

284 2678 406 2735 Munere
430 2676 555 2751 gratuito
580 2675 742 2734 studiorum
765 2693 885 2750 carpere
907 2676 1029 2733 fruetus.

284 2767 398 2824 Interea
420 2772 450 2823 et
472 2765 584 2823 dandae
606 2765 637 2822 in
660 2764 758 2840 parvis
780 2763 951 2839 praeludere
973 2764 1087 2840 palmae

284 2855 462 2926 Muneribus,
486 2854 557 2911 dum
580 2859 684 2912 cuneta
707 2858 784 2910 retro
808 2854 946 2928 sublapsa
968 2854 1103 2911 feruntur

284 2944 320 3006 ln
342 2944 486 3020 peiusque
509 2947 606 3016 ruunt,
629 2960 684 3000 neo
707 2949 768 3000 erat
791 2942 862 3000 satis
884 2960 953 3000 aera
975 2941 1125 3016 magistris

215 3045 266 3088 1345
286 3032 493 3091 Constituisse:
517 3032 598 3106 ipsos
621 3032 708 3089 etiam
730 3031 843 3088 iussere
866 3030 958 3088 foveri

285 3121 452 3197 Discipulos
475 3128 634 3196 grataeque
657 3120 803 3178 dederunt
826 3119 977 3178 commoda
1000 3137 1118 3177 mensae

284 3211 430 3269 Pluribus.
477 3208 501 3267 Ο
526 3209 617 3266 saneti
640 3227 791 3284 nunquam
813 3208 931 3266 laudata
954 3213 1073 3266 senatus

286 3300 362 3359 Cura
386 3300 465 3371 satis,
489 3316 564 3374 quae
587 3298 675 3371 digna
698 3297 769 3355 satis
792 3297 946 3373 praeconia
968 3303 1065 3355 tantae

284 3389 354 3447 Vlla
376 3389 467 3446 ieram
490 3387 588 3444 laudi?
620 3386 686 3444 Non
710 3386 735 3444 si
758 3385 830 3443 mihi
852 3386 947 3444 ferrea
969 3392 1074 3461 peetus

215 3490 266 3531 1350
284 3478 449 3536 Roboreuur
472 3493 530 3532 vox
553 3480 660 3552 aequet
682 3480 713 3533 et
735 3480 768 3533 ut
791 3493 855 3533 mea
878 3474 1006 3532 earmina
1027 3474 1102 3532 lucis

284 3566 341 3625 Vel
364 3565 517 3623 minimum
540 3564 700 3636 attulerint,
722 3568 753 3622 at
775 3581 829 3622 nos
852 3568 976 3621 ventura
998 3564 1156 3640 loquentur
