2770 4274
490 367 629 423 ΕΟΒΑΝΥΒ,
652 367 828 409 NORIBERGA.

226 544 346 604 Artibus
369 563 516 603 armorum
538 545 603 604 loca
626 545 685 604 sint
707 544 884 622 plenissima,
907 544 981 602 nulli

227 634 356 710 Contigit
378 633 429 692 illa
451 639 548 692 tamen
571 639 718 701 tantarum
740 633 832 709 gloria
854 651 960 706 rerum,

168 737 211 778 645
226 721 356 795 Quantas
379 723 427 782 hic
452 722 579 800 populus
602 722 758 781 cumulatis
780 721 913 798 possidet
935 722 1033 782 armis.

227 809 303 884 Quid
325 829 423 870 morer
445 812 476 870 in
499 811 628 870 minimis
652 818 682 870 et
704 811 822 869 nomina
844 829 933 886 parva
956 812 1086 870 canendo

225 900 404 959 Deiraudem
427 901 537 958 maiora
559 901 643 960 loco?
680 898 753 972 Quis
776 899 885 958 dixerit
906 905 1014 974 autem,

226 987 298 1061 Quis
321 989 406 1048 facile
429 989 575 1064 expediat,
599 994 671 1065 quot
693 989 773 1047 milia
797 989 1015 1048 chiriboardae?

226 1076 303 1150 Quot
326 1078 495 1136 balistarum
518 1078 717 1154 pendentum?
751 1076 882 1150 Quantus
905 1095 1042 1136 acervum

168 1181 212 1222 666
228 1166 373 1242 Congerat
395 1167 545 1225 hastarum
568 1169 729 1225 numerus?
757 1166 811 1224 Vis
835 1172 944 1242 quanta
963 1166 1140 1244 bipennum?

226 1253 297 1328 Quis
320 1255 425 1314 modus
448 1256 669 1332 harpagonum?
702 1253 782 1327 Quae
804 1255 898 1314 terrea
921 1255 992 1328 tela,
1021 1273 1140 1314 secures

224 1344 444 1422 Herculeasque
466 1345 542 1404 ferat
564 1345 682 1402 clavas?
716 1342 787 1416 Quis
810 1343 841 1401 in
863 1343 964 1402 ordine
986 1343 1110 1418 glandes

224 1433 379 1510 Multiplici
402 1433 511 1510 positas
534 1433 728 1509 globulosque
751 1450 790 1491 ex
812 1450 879 1491 aere
902 1433 1063 1491 rotundos?

225 1520 301 1594 Quid
320 1522 430 1598 clipeos
444 1523 629 1598 frameasque
643 1522 746 1598 loquar
765 1521 959 1598 gravidasque
978 1522 1138 1598 pharetrae,

167 1625 209 1666 665
225 1610 343 1670 Aclidas
365 1628 550 1687 anconasque
573 1610 815 1687 Macedoniaeque
839 1610 983 1668 sarissas?

224 1698 301 1772 Quid
323 1705 468 1758 tormenta
491 1717 580 1774 vagas
602 1699 759 1758 iaculantis
780 1699 811 1758 in
833 1703 901 1758 aera
923 1699 1056 1758 flammas

224 1788 360 1865 Saxaque
384 1787 507 1847 deciduo
531 1789 689 1847 sternentia
712 1788 848 1864 pondere,
872 1787 1015 1864 quidquid

169 1889 226 1944 [eju]
256 1877 462 1953 Contigerint?
493 1875 570 1950 Quid
592 1877 672 1936 mille
694 1877 760 1935 aliis
784 1876 850 1935 data
873 1876 991 1935 nomina
1013 1877 1102 1936 telis?

225 1964 330 2025 Omnia
353 1965 419 2043 quis
443 1983 563 2025 numero
586 1966 735 2041 capiendis
758 1965 879 2024 urbibus
902 1972 971 2041 apta
1063 1989 1066 1996 ·

167 2068 210 2110 666
223 2055 423 2114 Instrumenta
446 2061 535 2131 queat
557 2054 825 2131 comprehendere?
852 2052 979 2128 Longior
1001 2071 1095 2130 aequo

222 2144 350 2217 Efficiam
375 2144 399 2202 si
422 2149 527 2202 cuncta
549 2144 640 2202 velim
663 2143 835 2214 describere,
859 2161 983 2219 quorum

223 2232 349 2292 Nomina
371 2233 424 2291 vix
447 2232 565 2308 capiunt
587 2233 687 2290 iaciles
710 2231 858 2290 horrentia
880 2231 989 2290 Musae.

267 2321 379 2380 Verum
402 2340 456 2397 age
478 2322 597 2380 terrifici
620 2321 775 2380 verissima
797 2319 920 2379 fulmina
942 2320 1044 2379 Martis

223 2409 395 2487 Elxpediam,
419 2410 532 2470 sonitus
556 2410 648 2469 dictas
671 2410 709 2468 de
732 2409 848 2468 nomine
870 2409 950 2467 rauci

167 2512 209 2554 666
224 2499 411 2572 Bombardas,
434 2500 585 2558 hominum
609 2498 708 2564 clades
731 2516 888 2574 rerumque
910 2497 1018 2570 ruinae,

222 2589 376 2648 Murorum
398 2593 548 2663 tormenta,
572 2589 692 2646 deorum
716 2587 801 2662 signa
823 2587 937 2646 furoris.

224 2677 310 2736 Tales
333 2676 414 2736 mille
437 2683 536 2736 tamen
560 2676 661 2735 videas
683 2676 732 2736 hio
754 2694 821 2736 aere
845 2693 949 2734 sonoro

223 2765 337 2825 Artifici
359 2766 451 2824 factas
475 2785 571 2842 opera,
596 2771 673 2824 stant
695 2766 831 2824 curribus
853 2764 921 2823 altis

223 2855 347 2913 Innixae
370 2855 534 2932 validisque
557 2855 638 2928 rotis,
663 2860 742 2914 stant
765 2854 865 2913 ordine
888 2853 975 2929 longo

166 2942 261 3002 eroldi
283 2944 363 3002 vario
386 2949 532 3004 tormenta
554 2945 655 3002 Iovem
678 2949 792 3002 motura
814 2947 962 3002 tonantem

224 3032 380 3092 Terribiles
403 3033 470 3092 visu
493 3034 610 3106 formae,
634 3033 703 3092 licet
725 3037 787 3091 arte
810 3032 950 3107 magistra

224 3121 314 3180 Nulla
335 3121 458 3181 laborati
480 3121 572 3180 maior
595 3122 633 3180 sit
655 3122 749 3197 gratia
771 3121 848 3180 facti.

222 3210 292 3269 lllas
317 3228 403 3288 saepe
426 3211 529 3270 ridens
552 3210 660 3288 aliquis
683 3209 836 3282 dubitarit,
858 3228 897 3267 66
920 3213 1000 3268 esset

222 3299 294 3357 Plus
318 3317 422 3376 operae
444 3299 533 3377 pretii
556 3319 644 3378 quam
668 3299 747 3376 quod
769 3300 843 3358 foret
864 3299 936 3357 artis
958 3298 989 3356 in
1011 3297 1079 3372 illis,

166 3400 208 3443 666
223 3388 298 3447 Cum
320 3393 420 3447 tamen
443 3407 598 3466 exaequo
622 3389 716 3465 spatio
740 3393 886 3447 constaret
909 3392 1074 3464 utrumque.

222 3475 299 3536 Nam
321 3477 390 3553 quia
412 3496 470 3536 non
493 3495 618 3555 usquam
641 3477 783 3536 tundendi
805 3477 954 3554 operosior
976 3477 1053 3536 aeris

223 3563 304 3626 Gens
327 3565 385 3624 alia
407 3572 453 3626 est
475 3566 610 3644 Europae
632 3566 708 3626 inter
730 3565 874 3626 latissima
896 3583 995 3641 regna,
