2770 4274
511 409 656 465 avsonrvs,
679 409 798 450 umeros.
1096 393 1136 450 87

226 586 289 660 Quo
312 587 553 663 consanguineus,
578 605 635 664 quc
659 587 698 646 sit
720 586 893 663 peregrinus
915 587 1066 646 habendus

225 677 440 754 Ponendusque
463 677 536 751 loco,
560 676 630 754 quid
654 677 801 753 discrepet
824 676 895 734 utile
917 680 997 734 recto

225 766 264 824 Et
286 784 374 842 quam
398 767 437 825 sit
458 765 563 826 melius
586 770 754 824 contentum
778 765 876 824 vivere
898 782 989 840 parvo

224 855 350 914 Nomine
373 873 440 914 cum
463 856 541 914 claro
564 874 653 932 quam
675 873 744 914 cum
766 873 882 913 rumore
905 853 1033 929 maligno

170 955 210 999 ara
225 944 396 1004 Possedisse
419 945 489 1004 deos
511 950 541 1003 et
563 944 706 1021 quidquid
729 962 815 1003 caeca
838 943 949 1020 potenti

172 1045 257 1100 [Biiijb]
279 1033 349 1094 Sors
372 1034 479 1111 poterit
501 1035 640 1110 praebere
663 1052 759 1108 manu,
783 1033 861 1110 qnod
883 1051 1002 1109 carpere
1024 1033 1125 1091 nullus

224 1123 356 1182 Alterius
377 1123 485 1182 famam
509 1140 563 1181 nec
586 1122 801 1181 circumrodere
824 1122 914 1181 vitam

224 1212 337 1272 Debeat
358 1217 451 1290 utque
475 1212 521 1270 sui
544 1211 642 1289 potius
668 1211 707 1270 sit
729 1211 856 1270 mantica
877 1211 953 1286 tergi

225 1301 389 1378 Spectanda
412 1305 502 1378 utque
524 1301 554 1359 in
578 1319 610 1360 se
635 1301 726 1359 malit
739 1300 921 1360 descendere
944 1299 1077 1376 quisque,

171 1403 211 1445 asc
224 1390 353 1449 Auribus
375 1390 520 1449 instillant
541 1395 571 1449 et
593 1389 664 1467 quid
687 1389 829 1466 cuiusque
852 1389 989 1448 decorum

225 1479 338 1552 Quidve
354 1479 392 1538 sit
405 1485 438 1538 ut
447 1479 611 1556 pulchrum,
626 1479 697 1556 quid
711 1483 811 1538 contra
829 1483 862 1537 ut
875 1483 961 1554 turpe
979 1477 1138 1536 tenendum

225 1569 281 1627 Pro
305 1568 422 1628 modulo
445 1569 558 1642 aetatis
582 1587 634 1644 pro
657 1568 826 1627 condicione
848 1568 970 1645 locoque

226 1657 393 1717 Conlibrare
417 1659 522 1717 docent
544 1657 710 1734 trutinaque
733 1657 900 1734 expendere
923 1660 1016 1715 cauta.

224 1746 311 1806 Nunc
332 1748 402 1821 fora,
426 1765 505 1806 nnnc
526 1747 603 1806 intra
625 1765 700 1823 quae
723 1765 820 1806 rerum
843 1751 890 1806 est
911 1746 995 1822 copia
1017 1763 1116 1804 muros

170 1849 210 1890 asa
225 1836 295 1910 Vos,
318 1855 383 1896 mea
409 1837 528 1913 plectra,
551 1841 663 1910 vocant,
682 1841 795 1895 vestros
818 1836 876 1902 huc
899 1835 1003 1894 vertite
1026 1839 1138 1902 cantus.

225 1925 298 1999 Quis
322 1925 412 1984 tritici
435 1925 509 1984 vidit
531 1930 702 2002 tantumque
726 1925 852 2000 siliginis
875 1941 1013 2001 unquam,

226 2015 351 2074 Cottidie
373 2015 431 2073 huc
455 2020 597 2091 quantum
619 2019 792 2074 convectant
813 2013 923 2072 rustica
944 2012 1041 2090 plenis

223 2104 361 2181 Vndique
383 2104 515 2180 plaustra
537 2103 613 2162 viis?
645 2103 754 2163 Credas
777 2103 836 2162 huc
859 2101 989 2177 Gargara
1013 2119 1125 2162 messes

224 2193 360 2252 Fundere
381 2197 442 2251 tota
465 2211 533 2252 suas
555 2198 585 2252 et
607 2192 749 2270 quidquid
772 2191 883 2251 Moesia
905 2191 1013 2250 iactant

172 2290 212 2336 ano
226 2282 339 2341 Horrea
362 2286 501 2340 rostratas
524 2283 582 2340 huc
605 2287 818 2358 transportasse
841 2280 961 2340 carinas.

226 2370 374 2448 Quidquid
396 2370 503 2430 habere
526 2376 623 2447 potest
645 2370 739 2430 felicis
762 2370 845 2447 copia
866 2369 961 2448 villae,

224 2460 339 2520 Educet
361 2464 392 2519 et
414 2460 557 2538 quidquid
579 2479 630 2519 rus
653 2459 758 2534 nobile,
782 2458 926 2536 quidquid
948 2463 978 2518 et
1000 2459 1096 2518 adfert

224 2548 348 2625 Pinguis
371 2567 441 2624 ager
464 2549 571 2626 cupido
593 2549 777 2626 fecundaque
799 2554 877 2608 terra
899 2548 1000 2607 colono

224 2639 282 2698 Hic
305 2642 437 2715 spectare
459 2639 542 2698 licet:
566 2639 663 2715 pullos
685 2638 752 2712 iste,
774 2638 824 2697 ille
847 2637 997 2697 columbas

172 2740 212 2781 aas
226 2727 354 2802 Porrigit
375 2727 478 2801 aerias,
501 2728 550 2787 hic
571 2727 722 2804 improbus
745 2727 887 2803 obstrepit
907 2744 1003 2794 anser,

171 2827 229 2883 [cra]
252 2816 309 2876 Hic
331 2815 459 2876 fluvialis
481 2835 552 2876 anas
574 2817 696 2893 plaudit,
719 2817 844 2893 decepta
866 2816 1001 2874 coturnix

224 2905 281 2965 Hic
304 2905 435 2982 queritur
457 2906 620 2983 perdixque
644 2906 726 2965 salax
748 2911 881 2964 turturve
904 2904 1037 2981 pudicus.

224 2994 286 3054 Nec
308 2995 416 3054 desunt
437 2995 603 3055 Palamedis
626 3013 696 3054 aves
719 3000 770 3054 aut
792 2995 855 3072 ripa
878 2993 994 3069 Caystri

226 3083 305 3157 Quos
328 3084 408 3143 vehit
430 3089 549 3161 argutos
571 3103 626 3160 per
648 3089 752 3159 stagna
773 3084 905 3161 loquacia
931 3102 1050 3159 cygnos

171 3185 212 3228 eoo
225 3173 363 3250 Explicat
384 3173 433 3233 hic
455 3193 528 3251 pavo
551 3179 716 3249 gemmatae
737 3173 849 3232 lumina
871 3172 981 3233 caudae

224 3263 357 3321 Adverso
379 3263 511 3337 gaudens
535 3263 661 3340 spectari
685 3262 746 3322 sole
769 3262 889 3336 colores,

224 3351 425 3427 Nobilitatque
448 3352 538 3429 dapes
561 3352 618 3426 hic,
642 3352 689 3411 cui
712 3370 765 3410 sua
787 3352 904 3410 nomina
926 3351 1032 3436 Pliasis

224 3440 344 3514 indidit,
367 3446 401 3499 ut
423 3445 536 3500 taceam
559 3443 701 3514 volucres,
724 3459 797 3518 quas
820 3441 944 3500 callidus
966 3460 1076 3519 auceps

225 3529 365 3589 Cassibus
389 3534 418 3589 et
441 3530 521 3588 visco
545 3530 722 3607 calamisque
744 3535 774 3589 et
796 3531 924 3590 carmine
946 3531 1043 3590 traxit.

171 3631 213 3674 eoa
229 3618 291 3679 Ova
313 3636 368 3678 nec
391 3619 439 3678 hic
458 3620 553 3690 ,refero
576 3619 729 3697 pressique
752 3619 873 3695 coagula
894 3619 987 3679 lactis.
