2770 4274
503 419 645 476 aesinus,
667 420 843 461 scamaros.

168 609 222 651 1220
240 597 296 656 Vel
319 599 406 673 plura
427 597 559 656 invenies
582 597 629 655 vel
652 597 792 656 nobiliora
813 597 922 674 parari;

240 685 298 745 Seu
321 691 350 744 te
373 686 513 749 flexibilis
535 686 654 745 liventia
676 686 806 762 pondera
828 686 922 745 stanni

240 775 298 834 Seu
322 793 426 834 sonora
448 777 549 834 iuvant
571 775 608 834 de
629 776 706 834 flavo
728 776 805 834 laeta
828 775 981 849 orichalco,
1028 835 1030 838 .

240 863 406 923 Grandibus
429 865 477 922 hic
499 864 657 941 liquefacta
676 865 776 922 fluunt
797 863 850 922 tibi
874 871 979 923 cuncta
1002 864 1123 924 caminis

239 951 275 1010 In
298 970 470 1030 massasque
492 954 600 1012 abeunt
622 953 764 1028 ingentes.
802 952 875 1011 Inde
897 953 1021 1013 rebelles

169 1053 221 1094 mas
239 1041 403 1100 Informant
424 1041 513 1101 variis
534 1041 659 1118 imposta
681 1041 837 1100 incudibus
860 1041 937 1101 ictus

240 1129 438 1189 Tercentum
461 1130 491 1189 in
515 1131 641 1208 species3
665 1131 774 1190 circum
797 1131 895 1206 hagor
910 1131 1022 1190 intonat
1040 1131 1154 1207 ingens,

240 1218 306 1277 Non
329 1237 415 1278 secus
438 1238 473 1278 ac
495 1220 586 1278 vastis
610 1219 725 1278 Siculae
748 1220 802 1278 sub
826 1219 952 1279 molibus
976 1221 1087 1280 Aetnae

240 1307 382 1367 Fulminei
406 1308 552 1385 Cyclopes
574 1309 604 1367 in
627 1327 696 1368 aera
719 1308 848 1367 sonantia
871 1309 987 1368 crebros

238 1396 425 1472 Ingeminant
446 1397 524 1456 ictus
547 1397 729 1474 repetitaque
753 1399 873 1456 verbera
896 1398 1034 1457 miscent:

169 1497 222 1539 raso
239 1485 314 1544 Lata
336 1491 441 1544 sonant
463 1486 554 1543 maria
577 1492 607 1544 et
629 1487 744 1545 vicinae
766 1485 892 1544 Doridos
915 1486 1020 1546 undae.

496 1645 613 1706 Verda
636 1646 851 1705 suburbium.

239 1751 397 1829 Postquam
421 1753 555 1811 laudatae
579 1753 731 1812 scribendo
754 1754 939 1812 excessimus
962 1754 1042 1813 urbis

239 1840 393 1900 Moenibus
416 1848 445 1900 et
467 1841 591 1900 fluvium
613 1842 696 1900 iuxta
720 1842 880 1920 spatiamur
901 1861 1064 1916 amoenum,

239 1930 385 1989 Admonet
407 1931 472 2007 ipse
494 1931 586 2003 locus,
610 1949 646 1989 ne
670 1950 738 1989 eum
761 1936 804 1990 tot
826 1932 953 1989 carmine
977 1932 1007 1989 in
1030 1932 1087 1990 isto

239 2018 410 2077 Dixerimus
433 2025 532 2095 partes
555 2020 644 2091 urbis,
668 2020 773 2078 decora
794 2020 902 2092 inclita,
926 2019 1035 2093 laudes,

169 2119 220 2160 12³5
239 2107 366 2166 Delicias
389 2126 497 2167 vernae
520 2108 666 2183 fugiamus
690 2109 789 2168 dicere
813 2108 936 2168 Verdae.

284 2197 424 2256 Passibus
447 2198 519 2256 haec
541 2197 659 2254 domina
682 2198 851 2273 quingentis
873 2198 963 2275 distat
984 2199 1021 2256 ab
1044 2200 1126 2272 urbe,

240 2283 303 2358 Qua
325 2287 405 2344 videt
428 2286 524 2345 exorti
546 2285 693 2344 venientia
714 2286 824 2343 lumina
848 2287 926 2345 solis.

238 2374 334 2433 Dulce
358 2375 516 2433 suburbani
538 2374 615 2432 ruris
638 2375 729 2433 decus
751 2381 839 2452 atque
862 2375 1006 2452 voluptas,

239 2463 399 2540 Praecipue
422 2482 489 2522 cum
513 2464 597 2522 lloret
619 2482 698 2538 ager,
721 2482 789 2522 cum
812 2465 957 2538 germinat
979 2467 1072 2538 arbor,

168 2563 221 2604 0200
230 2562 285 2616 [nib]
292 2551 365 2610 Cum
376 2552 454 2610 levat
463 2554 566 2610 umbra
574 2571 676 2628 graves
686 2559 792 2626 aestus,
803 2571 870 2610 eum
881 2559 982 2628 gratus
991 2554 1028 2612 ad
1038 2571 1152 2612 amnem

238 2640 294 2699 Est
315 2641 398 2700 locus
420 2641 450 2698 in
473 2641 555 2699 molli
578 2642 662 2700 nobis
686 2641 878 2718 spatiantibus
901 2641 998 2700 herba.

239 2729 321 2788 Tunc
343 2730 425 2788 loeus
448 2729 498 2788 ille
522 2731 584 2789 suis
607 2749 699 2807 paene
721 2731 786 2807 ipsa
808 2731 919 2805 gratior
942 2733 1013 2790 urbe

239 2818 364 2877 Dotibus
387 2837 453 2877 esse
477 2819 558 2891 solet,
582 2819 726 2896 siquidem
751 2820 825 2877 silus
847 2819 977 2896 undique
1000 2825 1100 2896 aperta

238 2907 367 2967 Planieie
391 2926 507 2984 quoquo
530 2925 633 2967 versus
656 2909 707 2966 tibi
730 2909 849 2984 praebet
871 2927 1025 2967 amoenum

167 3011 220 3052 1245
239 2998 445 3073 Prospectum:
471 3016 523 3056 seu
546 3003 576 3056 te
599 2997 688 3056 libeat
710 2997 865 3056 viridantia
887 3003 971 3075 prata

239 3085 351 3159 Visere,
375 3092 457 3161 prata
479 3086 576 3145 iacent
597 3086 743 3162 liquidum
766 3087 893 3145 iucunda
916 3087 970 3144 sub
993 3105 1124 3163 amnem3

239 3175 297 3234 Seu
320 3181 350 3233 te
373 3175 512 3234 silvarum
535 3175 623 3235 facies
646 3176 783 3233 frondosa
806 3176 953 3234 virentum

238 3263 379 3337 Oblectet,
402 3283 493 3340 prope
517 3270 587 3323 sunt
609 3265 699 3324 silvae
722 3265 892 3340 circumque
915 3264 1056 3324 renident.

237 3353 307 3429 lpse
329 3353 407 3411 inter
430 3354 546 3412 saliceta
568 3353 691 3412 virentia
709 3353 817 3412 labitur
839 3353 934 3412 amnis

167 3455 221 3496 1250
239 3442 311 3500 Tam
334 3441 467 3518 placidus
490 3462 579 3519 quam
601 3460 694 3518 purus
718 3461 810 3518 aquae
833 3443 967 3519 lenisque
991 3460 1120 3505 susurro.

238 3531 403 3589 Formosam
427 3531 506 3589 tenui
529 3531 683 3590 redimitus
706 3531 868 3590 harimdine
890 3532 1030 3608 frontem5

239 3619 333 3693 Quem
356 3620 466 3679 circum
489 3626 591 3679 tenera
615 3620 724 3678 saltans
746 3620 864 3678 lascivit
885 3620 915 3677 in
939 3621 1028 3679 herba

247 3739 297 3780 Lat.
312 3739 523 3780 Litteraturdenkm.
539 3739 572 3780 12.
974 3741 992 3793 4
