2770 4274
232 347 274 404 44
540 365 681 421 rosanus,
704 365 880 406 romenei.

302 541 367 600 Non
391 548 517 617 augusta
539 549 645 616 tamen
668 560 705 600 ne
727 547 831 601 vertex
855 559 989 600 summus
1011 548 1128 601 acutam

302 630 491 705 Pyramidem
514 631 609 704 faciat,
633 649 810 707 quamquam
832 636 894 689 tres
917 632 1114 707 pyramidales

233 732 285 772 1055
303 719 471 778 Adsimulet
493 737 588 778 conos.
635 720 753 778 Circum
777 719 911 795 capitella
933 719 1077 779 columnis

302 807 412 867 Addita
435 815 504 868 sunt
527 809 682 885 spinaeque
705 810 810 867 breves
832 808 978 885 torulique
1002 809 1120 868 rotundi

303 899 400 974 Atque
422 898 504 956 abaci
527 903 642 969 teretes,
665 898 773 974 quibus
795 904 847 956 aut
870 897 1026 956 simulacra
1047 897 1169 956 deorum

304 987 365 1045 Aut
387 987 537 1045 hominum
559 986 715 1062 insistimt3
739 986 839 1045 videas
862 985 1019 1045 conludere
1043 987 1128 1046 fictas

303 1077 376 1134 Arte
399 1075 563 1152 puellarum
585 1075 701 1150 efligies
724 1093 901 1151 semperque
923 1080 1044 1134 novatos

234 1176 286 1217 1oso
304 1163 474 1223 Fonnarum
497 1164 605 1236 mltos,
629 1164 763 1222 colubros
785 1163 934 1239 adrepere‚
957 1164 1051 1222 nudas

304 1253 387 1312 Stare
410 1253 574 1329 puellarum
598 1253 712 1328 species
734 1257 820 1311 tenus
842 1251 901 1326 ilia,
924 1253 1018 1311 donec

304 1343 340 1400 In
362 1342 470 1401 caudas
492 1343 597 1401 abeant
618 1342 714 1400 media
736 1341 805 1417 plus
828 1347 910 1417 parte
933 1341 1099 1400 draconum.

304 1429 381 1503 Quid
405 1436 517 1490 statuas
539 1431 611 1489 alias
633 1448 792 1489 memorem
815 1436 1001 1507 matrumque
1022 1430 1219 1506 virorumque,

304 1519 366 1578 Has
389 1520 492 1594 nudas,
515 1519 582 1578 illas
604 1519 694 1578 armis
718 1525 749 1578 et
771 1519 902 1578 vestibus
925 1521 1029 1594 aptas?

235 1619 286 1661 ross
305 1607 381 1682 Quid
403 1613 447 1666 tot
469 1608 693 1684 quadrupedum
715 1609 831 1681 lormas,
854 1613 898 1666 tot
920 1607 1035 1684 sculpta
1056 1607 1173 1666 leonum

305 1697 452 1774 Corpora?
482 1696 636 1755 Nudorum
657 1697 800 1754 infantum
824 1696 894 1772 quid
918 1696 999 1754 mille
1022 1695 1154 1771 figuras?

304 1783 390 1844 Musa
413 1804 468 1844 nec
490 1785 550 1844 ulla
573 1793 661 1862 queat
683 1791 763 1844 tanto
787 1786 858 1844 satis
880 1803 946 1844 esse
968 1784 1061 1843 labori

235 1885 296 1938 lolia]
318 1873 382 1933 Nec
405 1875 502 1933 verbis
524 1893 650 1950 aequare
673 1892 747 1950 opus
769 1874 933 1932 immortale
956 1874 1097 1946 loturum,

305 1961 389 2036 Quod
412 1982 507 2040 neque
529 1962 694 2022 Praxiteles
717 1981 772 2021 nec
795 1963 899 2037 Myron
922 1980 976 2020 neo
998 1963 1178 2037 PolycletuS,

235 2064 287 2105 mo
304 2051 400 2111 Nemo
423 2052 542 2126 Chares,
565 2071 650 2111 nemo
674 2053 783 2128 Scopas
806 2051 1020 2127 reprehendere
1043 2052 1143 2128 possit.

306 2139 488 2218 Quamquam
512 2142 589 2200 fama
610 2141 678 2200 illos
701 2141 855 2217 sculpendi
877 2140 984 2198 nobilis
1006 2141 1081 2200 aeris

306 2228 505 2302 Commendat,
528 2235 642 2290 nostros
666 2231 767 2290 melior
789 2229 923 2306 pervenit
944 2229 975 2287 in
998 2247 1090 2287 annos

306 2317 412 2377 Gloria.
445 2319 527 2379 Sicut
549 2319 627 2378 enim
648 2319 704 2378 luit
727 2318 906 2394 ignorantior
927 2323 1008 2377 aetas

306 2406 521 2467 strumina
544 2408 631 2484 prior,
655 2408 698 2466 sic
721 2425 774 2466 nos
797 2407 996 2467 crescentibus
1019 2407 1102 2465 annis

236 2509 288 2551 roro
307 2496 453 2568 Crescere,
476 2497 605 2556 inventis
628 2496 763 2556 meliores
788 2496 895 2556 addere
918 2496 1006 2554 rebus

306 2585 363 2644 Par
384 2585 440 2643 fuit
462 2591 493 2644 et
514 2591 647 2644 veterum
670 2585 749 2644 vinci
770 2585 894 2644 feliciter
915 2591 1001 2643 artes.

488 2816 672 2894 Templum
695 2815 768 2874 divi
791 2816 986 2876 Laurentii.

308 2941 444 3000 Diximus
466 2949 622 3018 augustam
645 2941 732 3017 legati
756 2941 896 3018 principis
919 2943 1034 3001 aedem.¹

308 3029 372 3103 Qua
395 3031 489 3106 magis
511 3030 620 3090 eximio
643 3037 807 3090 structurae
829 3031 950 3090 excellit
971 3031 1081 3090 honore

308 3119 451 3178 Oratifero
474 3138 590 3178 sacrum
613 3119 712 3178 iuveni
735 3120 814 3197 quod
837 3120 867 3178 in
889 3119 1004 3179 editiori

237 3220 289 3262 1080
308 3208 384 3266 Arce
407 3208 496 3266 situm
520 3209 651 3268 semele
675 3226 728 3267 sua
751 3209 908 3284 spectabile
931 3208 1075 3285 templum

307 3296 434 3356 Exhibet
455 3302 635 3374 apparetque
657 3297 760 3373 procul
784 3298 909 3357 sublime
931 3298 1045 3356 duabus

307 3385 448 3444 Turribus
470 3387 635 3461 adsurgens
657 3386 835 3463 paribusque
858 3387 913 3445 sub
935 3387 1053 3446 aethera
1075 3385 1199 3445 tendens

307 3474 498 3549 Pyramidum
519 3474 606 3534 tectis
628 3474 810 3550 fulgentibus
833 3493 900 3534 aere
922 3493 1051 3548 corusco,

308 3562 387 3637 Quae
411 3565 614 3638 superaurati
638 3571 669 3623 et
691 3564 777 3623 vicini
800 3563 928 3623 nubibus
950 3564 1034 3623 orbes
