2770 4274
240 340 279 399 18
546 357 688 412 0000000,
710 357 887 398 scamaras.

290 534 405 593 Deionis
428 534 567 610 aspicias:
592 534 732 611 Cyclopia
755 552 827 594 saxa
849 535 970 611 putaris.

238 636 279 677 aso
292 623 376 681 Intus
399 624 451 682 ubi
472 623 623 698 ingressus
646 623 747 697 tueris,
771 623 859 682 simul
882 623 979 682 omnia
1001 641 1107 698 magno

291 712 507 788 Magnificaque
530 731 618 788 opera
640 712 784 771 mirabere
807 712 923 771 condita
946 718 1066 788 sumptu

238 812 300 867 [ena]
324 799 493 877 Ornatuque
516 801 580 876 pari
603 801 737 860 dirorum
761 801 888 860 sedibus.
934 801 1000 859 Illic

292 889 409 948 Claudit
431 891 597 948 inauratum
620 890 768 949 conclama
790 889 869 966 picta
891 890 1011 948 lacunar

291 978 429 1052 Plurima,
453 984 522 1038 sunt
544 979 605 1037 illic
628 979 758 1038 trabibus
781 979 962 1055 fulgentibus
985 978 1076 1052 aulae,

237 1080 278 1121 ass
291 1067 359 1126 illic
376 1067 536 1126 incrustata
559 1068 653 1127 nitent
675 1068 804 1127 variante
828 1067 940 1126 colores

290 1158 363 1215 Arte
386 1157 552 1234 pavimenta
574 1162 604 1214 et
626 1157 776 1215 radiantes
799 1174 866 1215 aere
889 1156 1041 1214 columnae

290 1245 439 1322 Plenaque
462 1245 608 1304 nobilibus
631 1246 742 1304 caelata
765 1251 925 1304 toreumata
948 1245 1041 1321 signis

290 1333 329 1392 Et
351 1353 425 1411 quae
448 1340 553 1393 cuncta
575 1334 659 1410 piget
681 1335 819 1393 brevibus
842 1352 995 1392 numerare
1019 1333 1154 1393 Camenis

291 1421 553 1496 000000001οοί,
578 1442 653 1500 quae
676 1423 768 1482 multo
791 1423 877 1499 plura
899 1428 1067 1498 supersunt,

236 1523 278 1565 300
293 1509 386 1584 Quam
409 1530 512 1571 canere
535 1512 616 1571 heroi
639 1512 741 1571 deceat
762 1507 964 1570 modulamine
987 1529 1098 1570 versus

335 1600 400 1659 Hoc
423 1601 505 1659 stetit
526 1601 670 1676 antiquae,
695 1601 720 1659 si
743 1619 813 1660 vera
835 1607 881 1658 est
902 1599 988 1674 fama,
1011 1600 1121 1660 Dianae

290 1690 350 1747 Ara
371 1689 443 1762 loco,
467 1689 635 1766 nostrisque
657 1690 746 1748 etiam
768 1689 890 1748 Latonia
914 1689 996 1747 silvis

290 1777 375 1836 Culta
398 1778 552 1854 genetliaci
574 1778 660 1855 liquit
682 1778 752 1853 iuga
774 1778 896 1837 frondea
917 1778 1035 1852 Cynthi.

290 1866 409 1926 Scilicet
431 1873 483 1925 aut
506 1867 595 1925 silvas
618 1872 669 1926 ant
691 1867 809 1925 horrida
832 1867 908 1925 bella
931 1867 1063 1925 colebant

237 1967 278 2009 005
291 1955 394 2014 Nostri
416 1956 549 2030 maiores,
572 1974 640 2014 nam
664 1974 717 2015 seu
739 1975 798 2032 pax
820 1957 897 2014 laeta
919 1955 1045 2030 vigebat,

290 2043 408 2103 Venatu
431 2045 511 2104 011110
535 2045 664 2104 000100
686 2050 823 2121 corrupta
846 2045 984 2104 iuventus

291 2131 357 2192 Otia
379 2134 499 2192 fallebat
521 2133 690 2192 doctissima
713 2134 814 2193 vivere
837 2141 928 2209 rapto,

291 2222 366 2281 Cum
389 2223 446 2280 nisi
469 2228 552 2298 parta
575 2223 656 2298 gravi
679 2240 729 2282 res
752 2223 833 2281 nulla
856 2223 953 2281 labore
975 2223 1098 2294 iuvaret,

290 2310 349 2370 Seu
371 2311 433 2369 fera
456 2311 650 2386 sanguineum
673 2312 849 2370 resonabant
871 2311 994 2370 classica
1016 2312 1151 2384 Martem,

236 2411 277 2453 aro
290 2399 372 2458 Bella
395 2402 598 2476 sequebantur,
622 2401 697 2459 bello
721 2419 794 2475 gens
816 2405 885 2459 nata
908 2400 1047 2475 gerendo,

290 2487 506 2548 inlecebrarum
530 2490 631 2563 hostis,
655 2490 747 2548 durae
770 2489 888 2547 virtutis
910 2489 1044 2548 amatrix.

291 2576 436 2636 Credibile
459 2596 529 2653 ergo
547 2578 641 2653 magis
664 2578 752 2637 fuerit
774 2578 902 2637 coluisse
924 2577 1049 2636 Dianam

291 2663 384 2738 Quam
406 2684 465 2725 non
487 2667 649 2742 legitimam
671 2667 819 2726 Venerem
841 2667 889 2726 001
912 2667 1011 2725 001110
1034 2667 1142 2726 Bacchi

291 2753 379 2829 Orgia
401 2756 503 2815 vesani
526 2775 579 2815 nec
602 2756 708 2832 gaudia
731 2757 853 2814 honesta
875 2756 996 2815 ferentis

236 2855 276 2898 315
291 2843 350 2902 Vel
372 2845 516 2921 quidquid
537 2845 613 2903 luxu
635 2863 821 2921 corrumpere
844 2845 945 2904 deside
967 2845 1058 2904 vitam

289 2932 328 2991 Et
350 2934 460 3009 patriae
483 2940 572 3010 queat
593 2933 730 3009 indignos
752 2934 893 2993 inducere
917 2952 1022 2993 mores.

289 3021 413 3081 Adiacet
435 3024 572 3082 umbrosa
594 3022 730 3082 tililetum
752 3023 854 3082 fronde
878 3022 1035 3096 virescens

237 3121 298 3177 [010]
321 3110 400 3168 Dum
423 3112 493 3170 sinit
515 3117 545 3170 et
567 3112 670 3170 melior
692 3130 760 3170 curn
784 3112 846 3171 sole
868 3113 1025 3171 revertitur
1046 3129 1149 3184 00000,

288 3199 407 3274 Frigore
430 3205 513 3275 grata
535 3201 618 3277 quies
642 3201 769 3277 solisque
791 3201 925 3260 levamen
947 3202 983 3260 ab
1005 3208 1097 3275 aestu,

235 3289 362 3364 saoIgne
385 3307 438 3347 000
462 3290 577 3348 steriles
601 3290 671 3348 dum
695 3289 780 3349 findit
802 3290 895 3349 Sirius
918 3308 1012 3364 agros.

288 3377 352 3436 Nec
374 3378 482 3437 desunt
505 3379 594 3453 variis
616 3384 771 3437 vernantes
794 3379 917 3437 floribus
940 3379 1026 3453 horti,

290 3465 397 3540 Quales
420 3467 526 3526 blanda
548 3467 651 3526 Venus
674 3467 735 3542 tibi,
754 3467 878 3543 pulcher
901 3467 1005 3542 Adoni,
1029 3468 1149 3544 paravit.

289 3555 407 3615 Pensile
430 3557 586 3616 suffultum
609 3561 667 3616 stat
690 3574 763 3633 opus
787 3557 948 3634 nixumque
971 3556 1122 3630 00100010,
