2770 4274
504 385 643 439 nonanus,
666 385 843 426 nortmanos.
941 353 942 356 ยน
1109 368 1151 426 43

241 561 348 620 Incolit
369 566 400 620 et
422 566 533 621 ruentes
556 562 667 620 habitat
690 580 805 620 summo
827 563 945 622 aethere
968 563 1081 638 dignas,

242 650 299 710 Sed
323 651 391 727 quia
414 651 604 726 magnificum
627 651 669 709 nil
692 651 827 710 omisisse
849 669 903 728 per
925 652 1027 711 urbem

241 738 399 798 Inlustrem
423 740 494 798 milri
517 756 587 798 cura
609 740 673 812 brit,
697 739 776 816 quod
798 741 926 798 carmine
948 741 1029 799 nullo

240 828 405 904 Attigerim,
429 829 567 887 brevibus
589 828 659 888 licet
681 846 828 906 exsequar
850 829 945 887 omnia
968 829 1063 895 dietis,

165 929 222 969 1025
241 917 324 976 Hanc
346 917 434 976 etiam
457 935 616 976 memorare
637 918 735 976 animo
757 917 836 977 calor
857 917 962 976 invidit
984 918 1086 976 aedem

242 1005 368 1079 Sacram,
391 1006 487 1080 Petre,
510 1007 571 1079 tibi,
595 1006 729 1065 caelestis
752 1006 881 1081 claviger
903 1007 994 1080 aulae,

241 1093 315 1152 Tum
338 1096 407 1171 quia
429 1096 583 1170 magnifico
606 1101 716 1154 structa
740 1101 787 1153 est
809 1113 896 1171 opere
919 1100 1006 1172 atque
1029 1095 1126 1155 labore

241 1183 354 1242 Artifici
377 1185 506 1260 perfecta
529 1184 609 1256 nitet,
632 1189 695 1242 tum
719 1201 802 1242 sacra
824 1189 941 1243 vetusta

240 1271 394 1348 Religione
417 1278 532 1348 patrum
555 1278 585 1331 et
607 1273 715 1331 multos
739 1271 884 1331 celebrata
907 1291 960 1348 per
981 1290 1081 1332 anuos.

169 1373 223 1414 1030
240 1360 396 1437 Templum
419 1367 586 1437 augustum,
614 1363 726 1436 ingene,
750 1361 838 1420 celsis
862 1361 987 1420 sublime
1009 1362 1152 1421 columnis

240 1451 433 1509 Aedificatum
455 1451 543 1524 intus,
565 1451 659 1509 latum
681 1450 837 1509 testudinis
860 1450 935 1509 altae

240 1539 410 1598 Fornicibus
433 1540 542 1598 crebris
565 1546 595 1598 et
618 1544 713 1598 totum
735 1557 878 1598 marmore
902 1545 991 1612 secto,

239 1627 395 1688 Praeterea
416 1628 501 1687 donis
524 1629 704 1704 opulentum,
727 1628 811 1688 dives
833 1633 864 1687 et
886 1629 958 1702 auri,

239 1716 330 1776 Dives
354 1722 384 1776 et
405 1717 527 1793 argenti,
550 1735 683 1794 quaeque
706 1724 752 1776 est
773 1735 935 1776 memorare
958 1719 1121 1791 molestum,

170 1817 221 1858 1035
239 1804 392 1865 Nobilibus
414 1806 539 1881 gemmis
562 1806 651 1881 pictai
675 1807 766 1865 vestis
789 1812 819 1865 et
842 1813 928 1865 ostro.

430 2037 642 2113 Sepulcrum
665 2037 740 2095 divi
764 2036 916 2096 Sebaldi.

239 2160 347 2220 Exstat
372 2161 403 2219 in
428 2163 484 2220 hoc
506 2162 617 2238 templo
640 2168 862 2221 monumentum
889 2161 1004 2236 insigna
1027 2161 1153 2235 sebaldi,

241 2248 336 2322 Quem
359 2250 459 2308 divum
483 2269 551 2326 pars
565 2270 671 2326 magna
685 2257 795 2310 vocant.
828 2250 885 2309 Hic
903 2251 1017 2326 primus
1031 2251 1067 2309 ab
1083 2252 1152 2309 orbe

240 2337 369 2398 Externo
392 2340 515 2398 veniens
537 2341 630 2398 fertur
652 2339 715 2398 loca
737 2345 836 2398 nostra
858 2339 986 2398 colentes

241 2427 445 2487 christicolam
468 2429 602 2488 docuisse
625 2427 729 2487 fidem:
753 2446 806 2504 pro
828 2429 913 2487 cuius
936 2429 1046 2487 honore

170 2528 222 2570 1040
241 2515 337 2576 Officii
360 2517 532 2594 meritisque
555 2517 612 2593 piis
634 2517 682 2575 his
705 2517 833 2576 cultibus
856 2517 940 2575 illum

239 2606 358 2665 Adfecit
380 2607 429 2682 pia
451 2624 521 2665 cura
543 2610 660 2682 patrum
682 2611 789 2664 testata
814 2605 937 2665 salutem

169 2705 224 2759 [sibl
243 2695 307 2754 Hoc
330 2695 457 2772 primum
480 2700 599 2754 auctore
622 2694 735 2772 sibique
759 2694 879 2770 suisque
902 2701 1040 2770 paratam.

240 2786 338 2861 Atque
360 2785 425 2844 ideo
448 2785 503 2842 hoc
525 2783 569 2842 illi
593 2801 718 2860 posuere
740 2783 856 2860 insigne
880 2785 1047 2860 sepulcrum

241 2871 339 2932 Officii
363 2891 515 2946 memores,
538 2891 596 2949 quo
619 2891 676 2931 non
699 2873 895 2948 praestantius
918 2872 1011 2930 ullum

170 2975 222 3015 1045
241 2961 310 3020 Sive
332 2980 421 3021 manu
444 2962 507 3021 sive
529 2962 647 3036 ingenio
671 2962 732 3020 sive
755 2967 817 3020 arte
840 2961 979 3036 magistra

241 3051 434 3110 Contendisse
457 3051 536 3110 libet.
569 3049 675 3109 Totum
697 3056 744 3108 est
766 3069 805 3108 ex
827 3067 894 3109 aere
917 3050 1023 3108 nitenti

240 3140 371 3198 Artificis
393 3140 504 3199 caelata
527 3157 615 3198 manu
639 3139 834 3216 pulcherrima
856 3138 957 3197 moles.

240 3227 369 3288 Naturae
392 3230 480 3288 uariis
503 3246 625 3304 operum
648 3228 740 3286 forma
763 3228 858 3286 omnis
880 3228 916 3287 ab
939 3227 998 3286 imo

241 3317 342 3394 Surgit
364 3317 509 3394 epistyliis
531 3318 623 3376 nacta
646 3317 884 3376 excrescentibus
906 3316 984 3374 iuter

170 3420 223 3461 roso
241 3406 415 3483 Serpentum
439 3405 552 3484 species
575 3424 697 3482 operosa
719 3411 881 3464 toreumata
902 3406 1016 3464 florum.

239 3495 275 3554 In
298 3513 411 3554 summo
434 3497 492 3556 coit
515 3502 545 3554 et
567 3495 682 3571 pulchri
704 3495 821 3570 fastigia
842 3495 913 3554 tecti

241 3585 393 3644 Contrahit
414 3586 480 3662 ipsa
501 3584 588 3643 etiam
612 3584 700 3642 variis
723 3583 834 3642 caelata
856 3584 970 3658 figuris,
