2770 4274
501 371 641 426 nonanis,
663 370 839 410 nemausen.
1108 352 1148 410 19

236 545 328 620 Quale
351 547 429 623 apud
452 548 604 622 Assyriam
627 553 789 606 memorant
811 548 962 628 Babylona
983 547 1083 620 tuisse,

176 648 221 688 325
237 636 268 695 Si
291 642 390 695 tamen
413 637 529 712 exiguis
552 655 725 712 componere
748 637 876 695 niaxima
899 637 943 694 tas
966 643 1018 695 est.

493 797 678 871 Pegnesus
701 796 846 854 fluvius.

281 901 380 976 Qualis
403 903 434 961 in
456 903 625 962 Haemoniis
648 903 765 962 Peneus
783 903 888 961 nobilis
912 903 970 961 oris

236 991 318 1050 Inter
340 1011 461 1050 amoena
483 993 578 1050 fluens
602 1011 690 1050 cursu
713 992 823 1050 laureta
847 991 976 1050 secundo

236 1081 357 1139 Labitur
378 1087 408 1139 et
430 1081 539 1140 virides
562 1081 621 1140 leni
644 1082 712 1140 ierit
734 1081 849 1156 agmine
872 1081 959 1156 ripas,
1018 1147 1019 1150 Ἴ

237 1169 316 1227 Talis
339 1171 374 1228 ab
397 1170 506 1228 aestivo
529 1171 673 1229 Phoebcei
697 1169 801 1228 sideris
824 1175 889 1227 ortu

178 1271 223 1312 330
237 1258 380 1316 Piniieros
403 1259 518 1334 placido
541 1259 692 1334 Pegnesus
714 1259 832 1316 flumine
855 1263 970 1316 montes

236 1347 318 1406 Inter
341 1353 371 1406 et
393 1367 462 1406 arva
486 1366 591 1406 secans
611 1348 703 1423 pratis
727 1347 868 1422 spatiatur
890 1341 1028 1422 amoenis,

235 1435 341 1494 Norica
364 1436 482 1495 lenitluo
506 1437 598 1495 donec
621 1455 653 1494 se
676 1437 707 1494 in
731 1436 844 1494 moenia
867 1435 951 1512 lapsu

235 1525 392 1584 Insinuans
415 1525 541 1584 mediam
564 1526 679 1601 placido
703 1525 768 1582 fluit
790 1543 876 1583 amne
899 1543 953 1600 per
976 1526 1077 1584 urbem

235 1613 464 1690 Magnificasque
488 1614 570 1672 vadis
594 1614 661 1672 hinc
684 1621 772 1690 atque
795 1613 863 1672 hinc
885 1614 978 1672 adluit
1000 1614 1097 1672 aedes.

178 1715 222 1756 335
236 1702 366 1762 Lenibus
389 1703 452 1778 ipse
476 1703 537 1762 suis
560 1703 653 1778 magis
676 1721 711 1762 ac
733 1703 826 1778 magis
849 1703 926 1760 edita
948 1703 1020 1779 ripis

236 1791 370 1851 Culmina
393 1793 515 1850 miratus
539 1811 714 1868 semperque
736 1791 862 1851 recentia
885 1791 966 1849 cultu

236 1880 324 1939 Tecta
347 1899 422 1939 novo
446 1887 581 1956 spectans
604 1887 709 1964 pentes
732 1880 898 1940 subtertluit
919 1880 993 1938 altos

235 1969 287 2028 Bis
312 1987 406 2042 sense,
431 1988 555 2046 quorum
578 1971 697 2046 quidam
720 1970 758 2028 de
780 1987 923 2027 marmore
947 1969 1058 2042 structi,

237 2056 362 2130 Quidam
386 2059 502 2117 sublicii
525 2059 649 2117 diversis
672 2058 804 2134 partibus
826 2059 929 2116 urbem

176 2159 222 2200 340
236 2146 433 2223 Coniungunt
457 2147 536 2206 subit
558 2148 608 2206 ille
631 2153 768 2222 rotasque
792 2152 822 2205 et
845 2165 916 2204 saxa
938 2143 1082 2204 molarum

178 2247 251 2301 {aina}
276 2236 440 2312 corripiens
462 2241 538 2294 rotat
560 2255 594 2294 ac
616 2236 784 2294 victricibus
806 2236 907 2294 atterit
928 2235 1023 2294 undis.

235 2324 312 2382 Nam
334 2329 414 2382 tenet
435 2324 605 2383 innumeras
628 2343 685 2384 non
708 2330 822 2384 tantum
846 2325 922 2383 farra
944 2324 1086 2382 molentes

188 2448 191 2457 ι
235 2413 320 2472 Litus
343 2419 502 2490 utrumque
524 2414 625 2487 molae,
650 2414 702 2472 sed
724 2419 754 2472 et
775 2419 838 2472 atra
860 2413 1005 2488 fragmina
1026 2413 1098 2472 terii

236 2503 384 2561 Oudentes
408 2503 538 2579 duraque
560 2503 710 2561 trahentes
734 2503 841 2578 forcipe
864 2503 976 2560 lamnas

176 2603 221 2644 345
235 2591 270 2648 In
293 2591 437 2665 minimas,
461 2592 552 2650 donec
575 2610 629 2650 ceu
652 2592 702 2650 tila
725 2591 861 2668 sequacia
883 2596 981 2667 partes

235 2679 381 2738 Diducant
403 2681 482 2754 longi
506 2680 657 2740 stridentia
679 2681 807 2757 pondera
829 2680 907 2738 ferri.

235 2767 301 2826 Vno
324 2769 415 2844 igitur
436 2769 546 2845 primos
569 2769 701 2846 inlapsus
723 2770 844 2829 flumine
867 2786 966 2826 muros

236 2856 385 2916 Scinditur
407 2858 437 2916 in
460 2858 592 2934 geminas
616 2860 665 2917 ubi
688 2859 817 2918 nascitur
839 2857 934 2915 insula
957 2861 1063 2932 partes,

235 2945 337 3005 Insula
360 2954 497 3023 congesto
520 2966 594 3024 quae
618 2948 708 3007 sumit
730 2948 765 3005 ab
788 2965 895 3021 aggere
917 2963 1039 3019 nomen;

176 3047 221 3089 350
235 3034 308 3094 Lata
331 3037 402 3095 satis
426 3037 577 3114 spatioque
601 3037 671 3095 satis
694 3035 863 3113 planissima
885 3034 972 3108 longo

235 3123 335 3183 Efficit
357 3125 589 3202 hippodromum,
612 3125 714 3184 videas
739 3123 895 3184 certamine
917 3123 1010 3180 multo

236 3213 432 3291 Cornipedum
455 3223 601 3290 cursuque
624 3213 687 3287 teri,
710 3213 759 3272 cui
781 3211 911 3288 margine
934 3217 1059 3288 utroque

235 3302 416 3361 Praetexnnt
437 3303 545 3361 inrides
568 3302 737 3361 umbracula
758 3302 866 3378 frigida
889 3301 993 3360 silvae:

236 3391 311 3450 (lum
333 3391 406 3450 furit
428 3397 458 3450 et
479 3391 585 3450 nimios
608 3391 693 3468 igniti
717 3391 821 3450 sideris
843 3397 944 3450 aestus

178 3491 221 3532 333
236 3479 329 3538 Sirius
352 3481 439 3539 ardor
460 3481 523 3556 agit
544 3480 683 3539 tililetum
707 3481 807 3540 subter
828 3499 992 3552 amoenum,

234 3568 291 3628 Ille
313 3569 395 3628 locus
418 3575 516 3646 gratas
539 3570 659 3646 praebet
681 3569 873 3646 spatiantibus
897 3570 1014 3628 umbras

954 3687 984 3741 ⁴2*
