2770 4274
215 335 258 392 42
525 353 664 407 ronanus,
687 353 864 395 nonmuaes.

286 530 403 589 Polluat
424 535 455 589 et
478 535 580 605 regnet
602 535 695 588 totum
718 530 795 590 intra
818 531 933 591 moenia
955 531 1044 590 virus.

286 619 365 694 Ergo
388 625 473 678 extra
495 637 583 694 aegra
604 620 703 679 ferunt
724 620 805 678 letali
827 637 948 696 corpora
971 621 1070 679 morbo

227 721 268 761 aaa
287 707 346 766 Seu
368 708 481 767 ruitura
503 708 569 767 neci
592 725 643 768 seu
666 708 847 768 restituenda
870 709 958 768 saluti

286 797 325 856 Et
347 815 433 856 curas
455 797 604 870 adhibent,
626 796 697 855 dum
721 815 790 874 spes
814 815 903 874 super
926 798 986 857 ulla
1008 798 1147 857 trahatur.

286 887 442 946 Praeterea
465 903 539 962 quos
561 891 728 961 mentagrae
752 886 897 962 serpentis
919 887 1047 946 adurens

287 975 424 1051 Corrupit
447 975 567 1046 scabies,
590 975 641 1033 illo
665 981 804 1034 curantur
826 980 857 1034 et
879 975 929 1034 illo

287 1064 444 1140 Accipiunt
465 1064 602 1123 alimenta
624 1064 696 1136 loca,
719 1064 790 1122 dum
813 1082 935 1140 corpora
957 1065 1076 1123 morbus

217 1165 269 1206 rooo
287 1163 361 1218 [urna]
386 1152 509 1212 Deserat
531 1159 561 1211 et
583 1153 722 1211 membris
745 1152 869 1212 decedat
891 1153 998 1212 noxius
1020 1154 1132 1212 humor.

286 1241 409 1313 Ioum,
433 1259 499 1300 esse
523 1259 597 1316 nega
619 1259 704 1300 verae
727 1241 845 1318 pietatis
867 1248 1006 1314 amantes,

287 1329 367 1403 Quos
390 1337 450 1388 tam
474 1335 551 1389 certa
574 1331 694 1389 trahunt
716 1330 827 1390 alienae
851 1337 917 1390 rota
940 1331 1052 1402 salutis,

286 1419 311 1492 Ι,
334 1420 435 1478 confer
458 1437 658 1496 quoscumque
681 1425 765 1495 potes
788 1437 841 1494 per
864 1420 1027 1478 Christidos
1050 1420 1147 1478 orbem

287 1507 459 1568 Subiectum
481 1527 570 1584 regno
594 1507 671 1581 fidei,
697 1508 813 1584 quando
836 1508 893 1568 ista
915 1527 970 1585 per
992 1526 1093 1568 omnes

216 1609 268 1650 1005
286 1596 363 1655 Nota
386 1597 486 1672 plagas
509 1596 581 1656 alios
604 1597 710 1655 durant
732 1597 918 1655 memoranda
941 1598 995 1657 sub
1018 1599 1124 1655 annos!

331 1825 506 1901 Quattuor
527 1828 753 1904 leprosorum
775 1828 1005 1887 xenodochea
1032 1833 1134 1887 extra

659 1918 788 1976 urbem.

287 2041 362 2101 Sunt
384 2041 471 2100 etiarn
495 2059 547 2100 sua
569 2041 693 2118 leprosis
716 2042 844 2118 regionis
867 2042 904 2100 ad
927 2059 993 2101 oras

287 2127 430 2203 Quattuor
451 2135 519 2190 ante
542 2132 645 2190 urbem
668 2137 782 2207 partem
806 2131 860 2190 sub
883 2131 1043 2207 quamlibet
1065 2147 1155 2188 unum

286 2218 421 2296 Hospitio
443 2218 595 2278 aedificata
616 2220 696 2292 foria,
720 2238 779 2296 qua
801 2225 891 2279 strata
912 2219 1026 2278 viarum

286 2308 408 2366 Publica
430 2307 554 2366 diversis
576 2309 689 2368 ducunt
710 2309 878 2384 regionibus
901 2309 1013 2380 urbem,

216 2408 269 2450 1⁰10
287 2395 459 2472 Sumptibus
482 2397 579 2456 omnia
601 2397 748 2456 munificis
770 2397 869 2456 dotata
893 2415 948 2456 nec
970 2397 1048 2456 ullae

286 2484 343 2544 Vel
366 2485 502 2544 decorata
524 2485 621 2545 minus
643 2486 691 2545 vel
714 2486 831 2562 egentia
853 2491 936 2564 parte
959 2485 1068 2545 relicta.

287 2573 410 2649 Singula
432 2574 543 2650 templa
564 2575 673 2634 adsunt
694 2575 755 2634 illis
778 2593 902 2653 quoque,
927 2574 1045 2634 cuilibet
1067 2575 1173 2633 horum

285 2662 411 2722 Adsidet
433 2669 463 2722 et
486 2663 576 2722 studii
599 2670 630 2723 et
651 2682 766 2722 morum
789 2664 899 2723 ratione
922 2665 1060 2741 probatus

286 2751 440 2811 Sacrarum
463 2752 608 2829 interpres
631 2771 731 2812 rerum
754 2753 892 2829 verbique
915 2753 1057 2812 minister.

215 2852 268 2892 1015
286 2839 390 2917 Vsque
412 2840 485 2900 adeo
507 2841 609 2902 nullus
632 2860 809 2919 quamquam
833 2841 879 2901 vel
902 2838 1015 2900 inutilis
1037 2840 1107 2900 ordo

285 2927 468 3005 Neglegitur,
492 2930 561 3007 quia
584 2931 754 3008 corporibus
777 2930 983 3007 quodcumque
1006 2929 1114 2988 mederi

285 3019 383 3094 Atque
404 3018 509 3077 animis
531 3019 625 3096 possit
646 3020 729 3094 larga
751 3019 859 3096 pietate
882 3019 1056 3090 ministrent,

286 3105 343 3180 Qui
365 3107 574 3182 Pegnesiacam
597 3109 724 3185 populus
747 3126 830 3167 sacer
851 3107 951 3167 incolit
973 3107 1082 3166 urbem.

286 3337 467 3415 Templum
491 3339 565 3398 divi
578 3339 688 3413 Petri,
713 3339 805 3416 quod
818 3338 1048 3398 Sebaldinum
1063 3345 1202 3399 vocant.

214 3474 269 3529 laia]
289 3463 355 3523 Non
375 3464 452 3540 quod
470 3465 580 3541 templa
596 3464 657 3523 Deo
675 3464 816 3541 placeant,
839 3481 914 3540 quae
932 3479 1076 3522 marmore
1089 3468 1120 3523 et
1133 3481 1202 3524 aere

214 3565 268 3606 roro
285 3551 438 3613 Humanae
460 3554 556 3613 iecere
579 3571 691 3627 manus,
714 3553 765 3630 qui
787 3552 875 3612 corda
897 3552 1012 3629 piorum
