2760 4200
239 362 256 421 6

291 555 400 632 scripta
419 555 608 630 circumferri,
631 575 690 615 non
703 562 801 616 tamen
815 557 889 616 adeo
903 573 968 616 sum
983 574 1019 616 ea
1031 555 1208 632 indignitate

291 650 466 718 commotus,
495 651 528 704 ut
556 646 592 704 ob
619 646 674 704 hoc
700 646 764 722 ipse
792 663 839 705 me
866 644 904 704 ad
927 645 1114 705 scribendum
1137 663 1207 704 con·

290 733 410 807 ferrem,
445 733 496 810 qui
525 735 615 810 probe
645 734 848 809 intellegerem
875 735 951 794 tales
978 734 1067 794 libros
1097 751 1151 793 nec
1179 734 1206 792 si

246 832 316 887 [adia]
339 821 475 897 legantur
496 822 611 882 adferre
628 823 786 900 quicquam
805 823 915 898 gloriae
935 841 990 884 neo
1006 823 1031 882 si
1044 816 1206 906 con-liem-

258 916 397 970 snantur
429 911 653 970 existimationis
683 912 794 989 aliquid
828 912 981 971 detrahere
1014 929 1116 988 posse,
1151 911 1205 970 sed

291 999 385 1074 magis
408 1000 553 1059 animatus
577 1001 712 1078 exemplo
730 1001 852 1060 honesto
873 1000 1035 1060 doctissimi
1058 999 1205 1077 quondam

291 1087 346 1146 viri
368 1093 455 1165 atque
478 1088 688 1165 elegantissimi
711 1095 815 1166 poetae
838 1089 979 1148 Chunrati
1003 1089 1095 1148 Celtis
1123 1089 1207 1148 urbis

291 1183 405 1236 vertrae
435 1176 609 1253 dignitatem
631 1178 812 1255 gloriamque
835 1177 969 1238 versibus
992 1178 1204 1238 inlustrandam

290 1265 363 1324 mihi
386 1265 546 1343 desumpsi.
584 1265 766 1344 Quamquam
789 1285 858 1326 vero
882 1265 975 1326 Celtis
997 1267 1084 1342 longe
1100 1267 1206 1326 fuisset

247 1366 273 1408 ιο
291 1353 371 1414 aliud
386 1373 482 1414 amec
504 1355 686 1432 propositum
709 1356 786 1415 sicut
803 1356 873 1415 item
889 1355 969 1414 aliud
987 1373 1080 1432 genus
1095 1355 1205 1431 scripti,

290 1449 390 1502 tamen
429 1461 497 1503 cum
536 1444 739 1520 intellegerem
780 1445 982 1504 huiuscemodi
1022 1444 1204 1520 ingeniorum

291 1538 481 1592 monumenta
512 1533 593 1591 mille
627 1534 743 1593 casibus
775 1534 909 1610 exposita
940 1551 1006 1593 esse
1037 1539 1067 1592 et
1099 1532 1206 1592 Celtim

290 1620 388 1697 ipsum
411 1639 467 1680 nec
490 1621 645 1698 scripsisse
668 1622 766 1682 omnia
784 1629 815 1682 et
832 1623 972 1700 pleraque
992 1621 1120 1681 nondum
1136 1627 1207 1680 nata

293 1709 421 1768 scribere
434 1728 492 1769 non
506 1711 646 1786 potuisse,
665 1711 868 1770 existimabam
884 1717 914 1770 et
928 1729 983 1787 ego
996 1729 1045 1770 me
1058 1711 1206 1770 iacturum

247 1810 273 1852 15
292 1800 550 1875 operaepretium,
574 1799 598 1858 si
622 1805 683 1858 tam
705 1818 740 1860 ea
762 1819 837 1878 quae
860 1800 1026 1876 scripsisset
1044 1799 1093 1858 ille
1116 1818 1206 1876 quarn

293 1905 367 1963 quae
396 1905 454 1946 non
486 1888 668 1964 scripsisset,
698 1889 814 1948 heroico
841 1889 971 1948 carmine
998 1889 1123 1948 tacerem
1146 1906 1205 1947 non

290 1976 378 2052 paulo
405 1975 580 2035 inlustriora.
611 1977 688 2036 Nam
710 1979 778 2052 hoc,
807 1983 839 2036 ut
861 1977 1011 2050 existimo,
1039 1995 1105 2036 meo
1132 1977 1205 2036 mihi

290 2064 354 2124 iure
382 2064 499 2140 gloriari
528 2065 599 2125 licet
626 2067 752 2126 multum
778 2067 853 2126 lucis
875 2066 964 2126 huius
991 2065 1073 2126 urbis
1095 2065 1207 2141 gloriae

291 2171 329 2212 ex
357 2153 430 2214 meis
453 2153 586 2214 versibus
614 2155 787 2229 accersisse,
818 2173 875 2214 non
905 2155 973 2232 quia
1000 2173 1058 2214 non
1085 2154 1206 2214 aliunde

246 2254 272 2296 ao
291 2260 407 2319 quoque
434 2242 482 2302 vel
504 2243 660 2302 accesserit
681 2244 740 2302 iam
762 2249 830 2303 ante
852 2243 899 2303 vel
922 2243 1061 2303 accedam
1084 2243 1207 2302 cottidie

291 2331 399 2407 possit,
437 2331 489 2390 sed
527 2331 596 2408 quia
633 2332 868 2392 doctissimorum
899 2332 1028 2391 virorum
1064 2331 1204 2390 iudicium

291 2438 408 2496 semper
433 2420 490 2480 tuit
518 2420 599 2479 nullo
622 2421 679 2480 alio
701 2440 807 2497 genere
830 2421 932 2498 scripti
954 2439 1047 2498 aeque
1071 2421 1204 2481 stabilem

291 2514 322 2568 et
344 2515 452 2568 certam
482 2509 592 2585 gloriae
621 2511 837 2586 possessionem
864 2528 898 2569 ac
925 2510 1052 2570 carmine
1081 2509 1205 2587 adquiri,

292 2597 340 2656 vel
362 2596 441 2674 quod
462 2597 581 2657 liberior
604 2598 643 2658 sit
665 2599 697 2658 in
719 2600 775 2659 hoc
797 2617 904 2674 genere
920 2599 1007 2658 stilus
1021 2605 1051 2658 et
1064 2604 1207 2675 evagetm

245 2698 272 2740 aa
290 2686 379 2745 latius
411 2704 503 2763 eaque
534 2687 672 2747 inlustret
704 2695 734 2748 et
766 2689 874 2764 erigat,
911 2707 986 2765 quae
1019 2687 1045 2748 si
1077 2688 1207 2746 oratione

290 2793 378 2852 prosa
404 2775 546 2850 attingas,
578 2777 691 2836 iaceant
720 2783 750 2836 et
777 2777 861 2853 quasi
889 2795 942 2836 sua
970 2795 1002 2836 se
1029 2777 1206 2837 obscuritate

290 2863 462 2923 subtrahant
484 2882 520 2923 ac
541 2871 683 2941 premant,
710 2867 758 2924 vel
781 2865 859 2942 quod
881 2865 1041 2925 aeterniora
1063 2871 1208 2942 putantur

290 2970 364 3026 esse,
379 2970 582 3030 quaecumque
596 2954 670 3013 bono
680 2961 814 3031 poemate
832 2961 902 3014 sunt
915 2954 1069 3030 descripta.
1098 2952 1206 3027 Quam·

291 3060 379 3118 quarn
394 3059 463 3100 vero
486 3060 670 3120 nequaquam
693 3043 811 3119 gloriari
829 3043 939 3120 possim
961 3045 1036 3102 bona
1049 3060 1116 3102 esse
1129 3060 1206 3119 quae

245 3142 272 3184 eo
293 3131 417 3189 scribam
446 3137 592 3207 poemata,
622 3132 755 3208 polliceri
782 3132 853 3190 mihi
880 3138 979 3192 tamen
1002 3137 1081 3190 certo
1104 3131 1208 3191 videor

290 3237 378 3296 posse
392 3220 502 3279 nonita
517 3220 615 3280 statim
628 3227 717 3298 atque
730 3221 787 3280 alia
801 3221 940 3298 pleraque
953 3220 1114 3295 interitura,
1129 3239 1207 3298 quae

290 3325 344 3383 ego
372 3308 490 3385 quidem
515 3310 628 3384 nescio,
655 3329 693 3368 an
716 3315 819 3369 natura
842 3310 902 3370 ulla
924 3310 1006 3384 bona,
1030 3327 1101 3370 cura
1123 3315 1207 3370 certe

290 3397 383 3456 multa
420 3397 575 3475 studioque
611 3399 746 3474 diligenti
780 3398 811 3458 in
849 3405 977 3459 vestram
1013 3399 1138 3475 gratiam
1175 3405 1206 3458 et

290 3486 430 3544 honorem
460 3487 555 3557 urbis,
586 3488 634 3546 cui
664 3493 781 3564 gratum
810 3488 964 3548 ostendere
991 3505 1039 3547 me
1062 3488 1206 3562 volebam,

244 3587 272 3629 es
291 3575 437 3634 elaboravi
458 3576 514 3635 hoc
529 3576 616 3635 simul
629 3577 782 3653 indignum
796 3577 937 3651 iudicans,
960 3595 1028 3636 cum
1042 3577 1208 3654 permultos
