2770 4274
249 387 291 446 70
527 403 721 458 amoenamus,
744 404 930 446 rn1avno1cn.
1024 417 1030 430 ·

301 580 403 657 Vsque
426 581 499 640 adeo
521 581 642 640 artificis
664 599 769 640 manus
792 587 837 641 est
859 582 976 640 laudata
999 581 1093 657 periti,

346 668 478 746 Occupet
500 676 534 729 ut
555 670 651 728 laudis
674 671 756 745 regia
779 671 859 730 nulla
881 671 987 730 locum.

295 755 382 817 'Haec
405 765 451 818 est
474 759 643 835 Mopsopios
666 759 779 835 pridem
803 765 915 818 sacrata
937 759 1091 832 Minervae,

345 847 414 906 Iura
437 849 491 907 sub
514 849 561 906 his
584 848 670 907 tectis
694 849 819 907 candida
841 848 939 907 Palles
962 849 1056 908 habet.

245 948 286 990 ³65
300 935 409 995 Ludite
432 938 577 995 formosae
599 937 717 995 chordis
740 937 950 1013 Aganippidos,
973 937 1051 996 istuc
1096 929 1099 934 ’

346 1026 406 1084 Cur
427 1025 528 1084 tulerit
551 1026 635 1084 dotes
658 1026 726 1084 diva
749 1027 849 1101 virago
872 1043 950 1086 suas

299 1114 436 1191 luppiter
459 1133 497 1173 ex
520 1114 579 1173 alto
604 1115 793 1190 surgentibus
816 1115 947 1191 undique
971 1114 1063 1172 muris

344 1203 519 1280 Despiciens
542 1203 623 1262 caelo
645 1204 715 1262 talia
737 1204 824 1263 corde
847 1208 952 1262 movet.

299 1291 378 1351 Ecce
401 1310 497 1350 arcem
520 1293 637 1368 praesul
659 1299 743 1352 natae
766 1293 885 1351 molitur
906 1292 938 1350 in
960 1293 1032 1350 urbe

245 1392 287 1434 870
344 1383 443 1458 Atque
465 1381 561 1440 animo
584 1400 724 1456 magnum
747 1381 870 1440 condere
892 1381 984 1439 volvit
1007 1398 1090 1456 opus.

249 1480 305 1534 [esa]
334 1468 483 1528 Nimirum
515 1471 566 1530 ille
596 1471 650 1529 sibi
683 1471 848 1546 praesentia
880 1470 999 1528 numina
1030 1469 1125 1528 laetus

345 1557 467 1632 Sentiet,
490 1565 524 1617 ut
547 1559 626 1617 nullo
648 1566 780 1635 ternpore
803 1560 879 1618 iacta
902 1564 996 1617 nient.

300 1647 377 1707 Hinc
399 1648 456 1706 ait:
473 1646 514 1707 .‘0
537 1666 602 1706 mea
625 1655 701 1722 nata,
723 1649 777 1708 tibi
801 1648 961 1724 spectabile
983 1648 1091 1705 donum

345 1735 454 1812 Surgit,
478 1742 508 1795 et
529 1736 561 1794 id
584 1737 719 1796 dominae
743 1738 802 1796 iata
824 1739 951 1812 benigna
974 1743 1084 1812 parant.

245 1836 286 1878 aro
300 1824 384 1884 Vade
413 1844 480 1900 age,
514 1826 539 1885 si
570 1826 671 1900 libeat,
704 1844 819 1885 summo
851 1827 988 1885 delabere
1024 1825 1103 1884 eaelo

345 1913 448 1990 Daque
471 1914 530 1973 tuis
553 1933 658 1974 nomen
681 1916 803 1974 aedibus
825 1915 890 1991 ipsa
913 1932 1031 1972 nouum.

300 2001 382 2061 Haec
404 2004 511 2062 etenim
534 2009 563 2062 te
586 2023 656 2063 cura
679 2010 784 2077 movet,
807 2011 858 2063 tua
881 2003 977 2079 iurgia
999 2003 1076 2061 divis

345 2091 419 2151 Cum
441 2093 540 2168 pelagi
563 2094 710 2169 quondam
733 2100 803 2153 sunt
824 2092 978 2152 ruaniiesta
1000 2092 1063 2152 deo.

299 2179 383 2239 Hanc
414 2181 541 2258 palmam
579 2183 684 2258 eripiet
717 2201 815 2255 nemo,
847 2181 980 2242 victricia
1016 2180 1085 2239 belli

246 2279 286 2321 380
345 2269 469 2345 Saepius
491 2289 572 2329 arma
594 2271 648 2330 tibi
670 2272 748 2348 quod
771 2289 912 2348 peperere
935 2269 1044 2328 decus’
1151 2293 1152 2298 ¹

300 2357 356 2415 llla
404 2359 455 2418 diu
503 2360 576 2418 tales
624 2367 756 2420 versarat
803 2366 921 2437 pectore
971 2376 1057 2416 curas

345 2445 496 2523 Saepeque
519 2449 642 2507 tentavit
664 2449 823 2508 sollicitare
846 2455 967 2524 patrem.

299 2534 390 2593 Laeta
411 2537 472 2594 abit
493 2542 523 2596 et
545 2556 653 2597 munus
677 2539 756 2597 subit
778 2539 908 2596 officiosa
931 2542 1097 2612 paternum;

345 2623 450 2684 Dulcia
472 2626 635 2700 virgineum
658 2627 766 2701 gaudia
788 2633 891 2703 pectus
913 2625 1004 2685 alunt.

246 2723 286 2765 aso
300 2711 437 2772 Protinus
460 2713 624 2789 ingreditur
646 2733 768 2792 superas
791 2715 912 2792 delapsa
934 2731 987 2790 per
1008 2731 1094 2772 auras

344 2801 485 2861 Praesule
508 2803 628 2862 delicias
651 2805 771 2881 auspice
795 2804 861 2862 diva
883 2821 984 2862 novas

299 2889 504 2968 Mansurisque
526 2893 607 2952 dedit
630 2894 795 2952 venerabile
821 2911 926 2952 nornen
948 2891 1081 2964 Athenis

344 2979 376 3039 Si
399 2983 497 3040 forsan
520 2981 645 3058 Sophiae
668 2983 780 3042 dixeris
802 3000 868 3042 esse
891 2982 1020 3040 domum.

299 3068 355 3127 Hic
378 3070 485 3146 quibus
508 3078 554 3130 est
576 3077 700 3147 angusta
722 3072 801 3132 domi
823 3071 981 3147 tenuisque
1004 3069 1146 3145 supellex,

246 3168 286 3210 390
345 3158 460 3217 Bisseni
483 3165 604 3219 externa
627 3179 744 3237 semper
765 3161 885 3220 aluntur
907 3178 971 3236 ope,

299 3246 399 3306 Donec
428 3249 464 3307 ab
496 3249 614 3325 expleto
645 3250 732 3308 liceat
763 3250 907 3310 decedere
938 3248 1022 3319 lude,

343 3336 385 3395 Vt
408 3355 474 3396 cum
499 3338 626 3398 victores
648 3338 733 3398 docta
756 3340 901 3416 palaestra
923 3337 1012 3396 videt.

247 3434 304 3489 [0³¹³]
326 3424 395 3485 lura
417 3432 517 3486 tenent
541 3428 630 3486 vitam
654 3433 828 3504 sanctosque
850 3427 985 3486 docentia
1008 3443 1104 3484 mores

335 3514 374 3574 Et
396 3534 520 3591 quorum
543 3516 663 3592 praesul
685 3517 819 3576 conditor
841 3517 905 3593 ipse
927 3517 991 3574 fuit.

245 3603 352 3662 asellos
375 3603 473 3680 igitur,
497 3606 603 3682 quibus
627 3605 724 3682 ampla
747 3612 827 3682 patet
847 3606 952 3664 domus
976 3606 1039 3681 ipsa
1058 3605 1215 3680 Minervae,
