2770 4274
452 385 645 440 auonnrmvs,
668 384 854 426 rnrsvasron.

263 562 385 622 Auctori
406 562 538 638 requiem
561 562 650 621 dicite
674 579 761 638 saepe
784 564 887 622 levem.

218 651 265 708 Ad
287 651 436 709 tumulum
457 651 546 710 flores
569 652 696 728 laetique
718 652 829 710 rosaria
851 652 950 710 Paesti

265 739 410 816 Spargite,
435 757 488 798 nec
511 740 589 799 desit
613 741 694 817 spica
717 739 823 800 Cilissa
846 740 919 799 loco.

219 828 343 888 Inferias
366 829 496 902 umbrae,
519 848 587 888 oum
609 830 654 888 ias
677 834 731 904 est,
756 829 861 888 solvite
883 829 988 902 iussas,

163 929 206 970 400
263 916 309 976 Ne
333 935 385 977 vos
407 917 594 978 immemores
619 919 727 977 sentiat
749 937 814 978 esse
837 918 914 978 boni.

219 1183 368 1242 Hactenus
391 1189 547 1260 augustam
570 1202 659 1243 versu
683 1185 895 1262 descripsimus
919 1186 1030 1258 urbem,

264 1272 400 1332 Cantanti
422 1273 528 1332 melius
551 1273 687 1350 lampada
709 1274 772 1332 iure
795 1273 870 1333 dedi.

219 1362 259 1420 At
282 1362 308 1420 si
330 1363 398 1438 plus
421 1363 527 1421 meruit
550 1363 697 1438 surgentis
720 1363 752 1420 in
774 1363 893 1421 aethera
915 1363 1017 1435 famae,

263 1450 300 1508 In
322 1453 474 1510 cumulum
497 1451 593 1511 laudis
615 1452 671 1510 iam
697 1469 812 1528 quoque
837 1451 943 1510 Caesar
966 1452 1030 1510 erit.
1067 1449 1070 1454 ’

164 1550 205 1592 405
219 1539 277 1598 Hic
300 1541 398 1617 aquila
421 1541 556 1618 expassis
579 1542 709 1600 Romana
732 1540 881 1599 videbitur
903 1539 959 1598 alis

263 1628 302 1686 Et
325 1647 440 1688 sacrum
464 1635 563 1688 nostra
585 1631 639 1688 hao
663 1631 767 1689 efferet
791 1631 862 1688 urbe
885 1635 982 1705 caput.

219 1718 381 1794 Imperium
420 1719 522 1778 mundi
561 1719 620 1778 late
659 1737 816 1796 rerumque
859 1724 990 1795 potestas

263 1806 441 1882 Magnanimi
463 1808 642 1883 armigerum
665 1809 772 1867 sentiet
793 1808 861 1866 inde
883 1806 976 1866 Iovis:
1027 1821 1030 1827 ·

219 1893 322 1972 Vsque
345 1896 417 1955 adeo
440 1896 550 1956 Caesar
571 1898 669 1974 patrui
693 1901 844 1955 contactus
867 1914 966 1954 amore

165 1994 206 2035 410
263 1984 326 2043 Hos
349 1991 428 2044 amat
450 1991 479 2045 et
502 1991 582 2045 certe
605 1987 681 2046 tollit
704 1986 734 2044 in
757 1991 835 2043 astra
859 1984 949 2043 sinus.

218 2072 382 2150 Exspectat
411 2080 507 2134 tantos
535 2076 605 2133 urbs
633 2075 762 2133 officiosa
789 2073 964 2149 triumphos,

264 2161 434 2240 Suscipient
456 2164 555 2240 magni
578 2164 658 2239 regia
681 2170 797 2241 soeptra
819 2162 885 2221 ioci.

218 2250 340 2328 Iamque
364 2253 428 2327 erit,
451 2259 485 2312 ut
508 2253 623 2311 videam
647 2253 739 2311 multa
761 2251 870 2328 pietate
892 2250 1052 2310 verendum

265 2339 339 2399 Cum
362 2341 489 2400 dominis
512 2347 607 2400 terrae
630 2341 871 2418 principibusque
893 2341 1003 2399 Iovem.

163 2439 205 2480 41⁵
220 2439 278 2494 [04³]
300 2429 375 2488 Tum
398 2431 422 2490 si
446 2431 493 2489 cui
518 2431 652 2489 dederint
673 2430 775 2489 faciles
802 2429 833 2487 in
856 2429 986 2488 carmina
1009 2429 1088 2487 vires

262 2517 400 2592 Numina,
422 2520 601 2595 magnanimi
625 2519 759 2579 Caesaris
782 2537 863 2577 arma
885 2523 977 2577 canat.

220 2605 417 2684 Grandiloquo
447 2608 562 2668 incedat
594 2609 749 2667 scribentis
776 2608 862 2667 Musa
889 2607 1039 2681 cothurno,

263 2696 393 2755 Heroum
417 2697 532 2774 capiant
555 2697 640 2756 fortia
663 2703 746 2772 gesta
769 2697 883 2774 pedem.

218 2784 307 2844 Haud
334 2785 456 2844 timeant
485 2787 599 2864 aquilae
629 2786 756 2845 labentia
785 2787 845 2844 fata
873 2785 1003 2859 deorum,

163 2885 205 2928 420
263 2873 410 2934 Teutones
433 2882 575 2951 augustos
599 2875 694 2934 saecla
716 2877 815 2933 tritura
836 2875 945 2949 legant.

219 2962 343 3022 Vatibus
375 2964 453 3024 hunc
484 2965 587 3023 tribuit
618 2964 836 3023 Maximilianus
868 2963 1015 3036 honorem,

264 3051 341 3112 Vela
365 3054 579 3128 corymbiferoe
602 3053 722 3130 pandite
746 3058 844 3112 vestra
867 3052 947 3110 deae.

219 3139 282 3214 Quo
311 3143 408 3201 vivam
438 3144 529 3216 caelo,
560 3143 624 3220 qui,
657 3142 847 3214 Pludentine,
881 3146 1002 3216 penates

263 3229 312 3290 lle
334 3232 459 3304 foveant,
483 3231 568 3290 avido
591 3233 692 3290 charta
714 3230 838 3306 legenda
861 3229 950 3288 dedit.

162 3317 383 3379 droedonis
405 3321 488 3380 locus
513 3326 566 3392 est,
589 3321 731 3398 liquidam
755 3319 833 3396 quod
857 3318 1001 3378 Cerberus
1024 3318 1132 3376 undam

262 3408 329 3467 Non
352 3409 456 3468 miscet
478 3409 555 3470 Ditis
578 3410 843 3487 Persephonesque
867 3426 956 3466 mero.

219 3496 295 3557 Tum
318 3516 435 3575 quoque
459 3517 506 3558 me
529 3505 622 3558 terrae
645 3497 818 3558 elementior
840 3516 911 3556 aura
934 3497 1058 3556 salubris

263 3586 305 3646 Vt
327 3605 472 3664 nusquam
495 3588 593 3664 potius
616 3587 729 3664 detinet
751 3604 816 3646 esse
840 3585 936 3645 velim.
