2770 4274
228 351 273 411 80
564 367 710 422 arsenius,
733 367 853 408 mesrcn.

283 545 322 605 nt
344 546 430 622 genio
453 563 599 621 agrorum,
622 544 703 621 Lips‚
726 544 872 621 incepisse
895 550 1021 604 tuorum.

283 635 397 694 Horrea
420 654 487 693 nam
510 634 599 692 tantis
621 633 671 692 hic
692 639 789 693 aestas
811 634 915 710 implet
938 634 1044 708 aristis,

283 724 487 801 Flavescitque
511 740 596 798 seges
619 741 738 798 campos
762 723 811 780 hic
833 729 914 782 tanta
936 741 990 800 per
1012 741 1121 796 omnes

284 813 434 890 Tantaque
457 812 594 871 fertilitas
617 813 719 887 glebas
742 812 880 871 fecundat
902 812 1024 888 opimae,

235 912 266 954 ³0
284 901 438 961 Nobilibus
461 906 573 960 certare
596 906 684 978 queat
706 900 876 976 regionibus
899 901 976 960 orbis

284 991 326 1050 Vt
347 991 501 1068 Lipsensis
523 1008 607 1065 ager:
632 1008 690 1048 nou
712 990 792 1048 huuc
814 989 1004 1066 Memphitica
1027 989 1125 1063 tellus,

284 1079 350 1140 Non
373 1080 461 1140 etiam
485 1079 577 1138 Siculi
599 1079 693 1138 facilis
716 1084 875 1154 proventus
898 1079 995 1150 aratri,

283 1168 351 1229 Non
373 1169 425 1246 qui
448 1167 586 1228 Stellates
608 1167 747 1227 dicuntur
769 1167 886 1226 nomine
908 1167 1005 1244 campi

284 1257 392 1334 Iugera
414 1275 469 1318 nec
492 1257 611 1315 vincent
633 1257 712 1315 hunc
734 1256 894 1332 pinguibus
917 1257 1015 1334 Apide
1038 1256 1137 1316 sulcis.

235 1359 266 1399 35
285 1347 390 1406 Sibilat
412 1346 460 1405 hic
482 1364 553 1406 aura
575 1345 637 1404 leni
660 1346 788 1421 crispata
812 1346 907 1421 siligo,

237 1446 328 1503 [lirin]
350 1435 409 1495 Hic
431 1435 556 1495 fecunda
579 1434 669 1494 Ceres
691 1434 782 1493 tritici
804 1440 974 1510 augescere
997 1434 1093 1510 spicas

285 1524 402 1585 Gaudet
423 1530 454 1583 et
475 1524 544 1582 hino
566 1523 685 1582 meritas
708 1528 776 1582 avet
799 1529 971 1600 exspectare
994 1541 1123 1582 coronas.

284 1614 402 1674 Hordea
425 1619 503 1672 stant
525 1611 586 1671 illic
609 1618 639 1670 et
662 1618 767 1670 canent
789 1631 916 1689 aequore
937 1612 1014 1672 laeto

286 1703 435 1779 Stipatnra
457 1702 567 1774 domos
591 1701 683 1760 durus
706 1719 775 1760 cum
797 1703 873 1760 falce
896 1701 1016 1760 colonus

236 1803 267 1845 40
286 1792 421 1868 Coeperit
442 1791 473 1848 in
496 1790 647 1866 gravidam
670 1808 797 1850 messem
821 1791 1003 1866 destringere
1026 1789 1130 1849 dentes

285 1881 391 1940 Nudus
414 1886 444 1939 et
465 1898 483 1939 a
506 1879 595 1938 nimio
618 1880 714 1938 tactus
737 1880 795 1938 iam
819 1880 936 1938 decolor
957 1884 1044 1938 astro.

285 1970 343 2029 Hic
365 1970 459 2029 viciae
481 1974 586 2028 tenues
609 1969 697 2040 tetus,
721 1969 769 2028 hic
793 1986 914 2044 surgere
936 1968 1009 2044 pisa,

285 2058 342 2118 Hic
364 2059 468 2117 florere
490 2058 580 2131 fabas,
603 2057 724 2134 antiqua
746 2057 874 2133 piamina
896 2063 1022 2134 patrum,

285 2147 343 2207 Hic
365 2165 469 2207 causas
491 2146 600 2223 placidi
623 2164 777 2205 numerosa
799 2164 945 2224 papavera
968 2145 1071 2218 somni,

236 2247 267 2289 45
286 2236 343 2295 Hic
365 2237 435 2295 dare
457 2236 610 2295 materiam
632 2236 748 2311 mappis
771 2254 847 2295 nova
868 2237 929 2294 lina
951 2234 1072 2307 videbis

285 2325 341 2384 Hic
364 2325 491 2401 grandes
514 2324 641 2383 calamos
663 2325 756 2384 laetae
780 2325 924 2402 spectabis
947 2340 1064 2383 avenae.

286 2413 361 2486 Quid
384 2413 438 2474 tibi
460 2431 538 2472 nunc
560 2431 649 2472 versu
673 2414 762 2473 silvas
786 2421 817 2474 et
839 2431 948 2491 pascua
970 2412 1087 2474 ‹licaml

286 2501 363 2575 Quid
386 2503 423 2562 de
445 2502 571 2561 diversis
594 2502 745 2562 venientes
768 2504 900 2580 partibus
922 2519 1025 2560 amnes

285 2591 503 2668 Miscentesque
526 2609 595 2650 suas
618 2592 716 2650 tacitis
739 2593 941 2668 complexibus
963 2590 1075 2650 undas?

236 2693 268 2734 5ο
286 2681 349 2754 Qua
373 2681 469 2756 surgit
491 2679 588 2756 pinnis
611 2699 665 2739 arx
687 2681 746 2740 alta
769 2687 800 2740 et
822 2699 906 2740 versa
930 2680 985 2738 sub
1008 2685 1140 2738 austrum

285 2769 406 2829 Exserit
427 2769 458 2827 in
481 2770 575 2828 nubes
597 2771 730 2843 frontem,
754 2788 807 2846 per
829 2770 918 2828 tloroa
940 2787 1008 2826 rura

286 2858 385 2936 Serpit
406 2863 436 2918 et
458 2864 596 2919 assuetas.
613 2860 752 2935 nymphis
775 2859 862 2918 Plesa
884 2857 1007 2935 porrigit
1029 2874 1126 2916 urnas.

285 2947 372 3006 Nune
394 2947 445 3006 ubi
468 2947 505 3005 ad
527 2947 665 3024 Hesperii
688 2966 736 3006 me
759 2953 841 3006 verto
863 2948 975 3006 lumina
997 2945 1076 3018 solie,

285 3037 366 3096 Inter
388 3035 552 3112 gramineas
574 3037 686 3095 lucenti
708 3037 825 3112 gurgite
848 3037 928 3113 ripas

237 3137 267 3178 55
285 3125 356 3184 Pica
379 3125 447 3184 salit
470 3126 661 3202 sequiturque
684 3144 761 3199 suas,
785 3143 858 3202 quas
881 3125 1009 3195 devehit,
1032 3124 1127 3183 undas

238 3225 310 3278 tAval
331 3214 491 3291 Raucaque
514 3233 567 3292 per
584 3215 693 3274 vitreas
715 3220 835 3274 exercet
857 3233 1008 3273 murmura
1030 3213 1178 3289 lymphas.

285 3302 348 3362 Nec
371 3303 473 3380 procul
496 3303 564 3362 hinc
587 3303 660 3380 ipsis
683 3309 779 3362 terrae
801 3303 886 3380 Lupa
908 3303 987 3362 diota
1009 3303 1128 3371 colonis,

285 3391 380 3468 Larga
403 3392 572 3470 perspicuas
594 3392 756 3452 adfundere
779 3393 931 3452 moenibus
953 3393 1034 3452 urbis

286 3481 387 3540 Certat
409 3499 510 3558 aquas,
535 3486 685 3558 certatque
709 3499 777 3541 suas
800 3482 870 3540 hinc
892 3481 1000 3556 Parda;
1024 3485 1175 3558 parentem

237 3583 268 3624 oo
285 3570 414 3630 Naiades
436 3570 574 3648 adlapsae
597 3571 713 3647 patulos
736 3571 911 3630 comitantur
933 3570 963 3628 in
985 3588 1071 3646 agros
