2770 4274
242 361 283 418 34
550 378 689 433 rosanus,
712 378 888 419 1011111101.

239 569 279 610 ms
293 555 419 615 Dimidio
441 555 536 632 pretio
557 555 646 629 illiue,
669 574 726 632 quo
749 555 866 632 publica
888 555 999 632 passim

292 645 350 704 Per
372 645 435 704 fora
458 644 622 704 vendebant
643 644 702 719 alii,
726 645 848 721 penuria
870 644 964 704 donec

293 733 388 792 Desiit
410 739 441 792 et
462 731 550 792 rediit
573 733 689 793 Christo
711 733 787 792 duce
809 733 932 808 frugifer
953 751 1055 793 annus.

666 964 788 1023 Curia.

292 1089 350 1148 Sed
374 1107 432 1166 quo
449 1094 479 1148 te
493 1107 661 1162 memorem,
680 1089 786 1148 domus
803 1089 912 1163 inclita,
929 1090 1067 1164 carmine,
1081 1107 1149 1149 cum
1164 1091 1209 1149 sis

290 1177 357 1236 Non
379 1178 501 1236 minima
523 1177 672 1254 adsumpti
694 1196 762 1254 pars
787 1195 842 1237 nec
866 1178 1032 1254 spernenda
1053 1179 1167 1252 laboris

237 1280 277 1321 750
292 1266 435 1326 Ourarum
458 1267 563 1326 domus
586 1272 617 1326 et
640 1267 733 1326 sancti
756 1267 923 1326 veneranda
945 1272 1064 1326 senatus

291 1355 392 1431 Regia,
416 1355 589 1431 Scotigenae
612 1374 687 1433 quae
710 1356 854 1433 prospicis
876 1356 935 1416 alta
958 1355 1075 1415 Sabaldi

291 1443 425 1503 culmina
448 1444 594 1522 vicinique
617 1444 700 1504 vides
721 1445 784 1504 1011
806 1445 935 1503 maxima
957 1445 1049 1504 circi?

291 1531 473 1610 Quamquam
497 1552 583 1592 nomo
606 1534 728 1592 satiate
751 1533 880 1592 camnine
903 1534 1033 1610 pinxerit
1055 1535 1116 1593 ullo

290 1622 347 1681 Pro
370 1621 492 1695 meritis,
515 1641 568 1699 pro
590 1622 677 1680 laude
699 1628 757 1695 tua,
781 1621 829 1681 cui
852 1623 957 1682 cedere
980 1623 1045 1682 iure

237 1723 275 1763 755
290 1710 403 1770 Debeat
424 1711 544 1787 antiqua
566 1711 719 1770 notissima
740 1711 823 1769 curia
845 1711 931 1785 Tulli,

237 1810 305 1864 [111]
329 1799 493 1876 Aggredior
514 1805 611 1858 tamen
633 1805 663 1858 et
684 1805 782 1858 tantae
805 1818 863 1858 non
886 1801 983 1859 omnia
1005 1819 1094 1876 parvo

290 1887 466 1948 Ornamenta
488 1888 593 1947 domus
615 1889 737 1948 referam
762 1889 814 1947 sed
837 1907 930 1965 panca
952 1889 1060 1948 libello.

290 1976 370 2050 Quae
393 1977 499 2036 sinon
522 1977 578 2036 alio
601 1977 796 2038 memorabilis
819 1983 899 2036 esset
920 1979 1037 2048 honore,

289 2065 353 2124 Hoc
374 2066 493 2125 laudata
515 2066 587 2126 satis
609 2067 710 2139 iuerat,
734 2067 812 2144 quod
835 2067 943 2126 talibus
966 2071 1046 2126 esset

235 2168 275 2208 11
288 2155 420 2231 Ingeniis
443 2155 572 2214 habitata
594 2160 718 2231 patrum,
745 2155 795 2232 qui
818 2155 947 2214 maxima
969 2173 1069 2215 rerum

288 2243 422 2303 Pondera
444 2262 512 2302 curn
535 2244 666 2317 subeant,
689 2249 813 2319 possunt
834 2249 864 2302 et
886 2245 1016 2303 maxima
1038 2245 1122 2303 ferre.

287 2332 375 2391 Nunc
397 2338 443 2392 est
465 2338 496 2391 ct
517 2333 638 2410 reliquis
661 2332 810 2391 ornatibus
832 2338 926 2406 aucta,
950 2334 1074 2410 superbo

289 2421 508 2482 Structurarum
531 2440 620 2498 opere
643 2427 674 2480 ct
696 2421 770 2480 luxu
792 2421 857 2480 1001
880 2427 979 2480 sancta
1002 2422 1124 2495 decenti,

287 2510 354 2569 Non
377 2509 466 2569 nimio
488 2516 585 2570 tamen
607 2516 660 2569 aut
681 2510 863 2570 muliebriter
885 2511 1047 2584 informato,

234 2612 273 2653 roo
288 2599 346 2659 Sed
369 2603 449 2659 casto
471 2599 618 2676 dignoque
641 2599 720 2658 viris.
761 2599 837 2658 Nam
860 2599 988 2676 plurima
1009 2617 1113 2675 regum

288 2687 424 2747 Continet
446 2688 574 2747 exterior
596 2689 759 2761 simulacra,
783 2689 900 2748 heroica
922 2694 1007 2764 gesta

286 2777 370 2836 Picta
391 2795 445 2853 per
467 2777 581 2852 effigies
602 2795 674 2836 auro
696 2777 844 2854 minioque
868 2779 1017 2854 superbas.

286 2866 372 2925 Intus
394 2866 553 2925 iomioibus
577 2872 702 2942 surgunt
724 2865 761 2925 de
783 2883 928 2925 marmore
952 2872 1030 2926 secto

286 2954 369 3014 Atria
391 2973 449 3012 non
472 2954 532 3013 ullo
554 2973 612 3014 non
634 2961 765 3030 tempore
787 2954 897 3032 pervia,
920 2973 1045 3032 quorum

233 3043 394 3102 conclausa
416 3043 581 3119 pavimento
605 3044 705 3102 subter
726 3044 791 3102 1001
813 3044 937 3102 carceris
960 3045 1088 3116 umbrae,

286 3133 321 3190 In
345 3132 452 3209 quibus
474 3138 526 3191 aut
548 3132 668 3192 meritos
690 3150 812 3208 poenam
835 3138 886 3192 aut
908 3151 982 3210 quos
1005 3133 1108 3191 ultima
1130 3133 1193 3191 fato

286 3220 436 3297 Supplicia
457 3227 630 3298 exspectant
651 3221 784 3280 custodia
806 3221 879 3280 dura
902 3226 1023 3281 coercet.

284 3310 359 3369 Inde
381 3309 491 3386 gradus
514 3315 639 3385 surgunt
660 3309 802 3387 duplices,
830 3310 936 3387 quibus
959 3310 1018 3369 itur
1039 3311 1070 3368 in
1093 3309 1201 3383 aulam,

285 3398 391 3458 Aulam
415 3404 475 3457 tam
498 3398 575 3458 iusto
599 3400 692 3476 spatio
714 3417 803 3476 quam
826 3399 916 3458 divite
938 3398 1021 3458 cultu

231 3501 271 3542 10
286 3487 481 3564 Conspicuam
504 3492 653 3564 totamque
676 3505 730 3547 sua
753 3488 808 3547 sibi
830 3488 908 3548 mole
931 3493 1078 3564 patentem

285 3576 373 3636 Nulla
396 3577 598 3636 columnarum
621 3577 712 3636 series
733 3577 898 3650 intersecat,
922 3583 974 3636 aut
995 3595 1071 3654 quae
