2770 4274
509 361 648 416 somnus,
671 361 847 402 0000000000.
1114 343 1156 402 45

169 552 227 593 1005
247 539 332 599 Stant
353 539 472 614 gemini,
494 543 559 598 tum
581 543 658 597 tecta
680 557 751 596 auro
774 539 912 598 distincta
934 539 1091 614 refulgent.

247 629 286 686 At
308 645 376 704 pars
398 627 518 686 interior
540 627 674 705 quadrati
697 645 714 686 e
736 645 880 687 marmore
904 628 968 686 saxi

247 715 310 776 Stat
333 716 425 776 solida
447 715 511 792 ipsa
534 734 588 774 s110
612 716 703 776 veluti
725 716 755 774 in
780 734 812 775 se
835 717 964 793 pondere
987 716 1091 775 nitens.

246 805 333 864 Parte
356 806 411 864 irae
433 804 612 865 vestibulum
635 823 759 880 vergens
782 806 812 863 in
836 805 941 864 sideris
965 823 1044 864 orem

247 893 369 953 Occidui
392 899 449 952 stat
472 912 577 970 magno
600 893 690 967 aditu,
714 899 772 953 stat
794 894 896 952 limine
919 895 1008 968 celso,

173 996 229 1038 1000
247 983 312 1043 Stat
333 983 445 1042 foribus
467 983 575 1042 fultum
597 982 724 1057 egregiis
747 1001 911 1060 magnoque
934 983 1041 1042 labore.

173 1083 241 1138 [gns]
261 1073 332 1131 Arte
354 1072 491 1132 laboratis
513 1091 621 1147 magna
644 1077 704 1130 tam
726 1071 850 1148 pulchra
872 1071 1004 1130 rotundis

247 1161 337 1236 Signa
359 1161 522 1236 peristyliis
546 1166 739 1236 superastant
763 1161 860 1237 qualia
882 1161 994 1219 circum

246 1250 334 1308 Parte
356 1251 392 1308 ab
415 1257 540 1326 utreque
562 1250 639 1308 iores
662 1255 768 1308 ornant
791 1256 822 1307 et
843 1249 944 1307 limina
965 1249 1077 1324 templi.

247 1338 318 1414 Ipsa
339 1339 420 1397 intus
441 1338 546 1414 templi
567 1338 658 1397 iacies
681 1343 742 1396 tam
764 1338 852 1414 plena
874 1337 988 1396 decoris

176 1441 229 1480 1095
248 1426 403 1503 Omnigeni
424 1431 553 1504 apparet,
577 1431 636 1485 tam
660 1427 820 1506 maiestate¹
835 1427 961 1485 verende

247 1516 395 1591 Ingressis
417 1521 507 1592 patet,
531 1521 565 1574 ut
586 1515 674 1574 tacite
696 1515 872 1591 pertundere
895 1516 988 1591 possit

248 1605 397 1680 Religione
420 1605 540 1663 animos.
585 1604 694 1662 Fornix
716 1603 878 1664 altissimus
900 1605 982 1681 ipsos

248 1694 346 1753 Paene
369 1694 457 1752 etiam
480 1694 563 1752 visus
585 1693 695 1768 refugit
717 1693 883 1770 populoque
906 1694 1041 1752 minatur.

249 1782 340 1841 Cuius
362 1801 469 1858 magna
491 1789 589 1841 tumen
612 1783 751 1858 gravibus
773 1783 891 1841 testudo
913 1781 1057 1840 columnis

177 1884 230 1925 1100
249 1871 403 1930 Suffuleita
426 1871 517 1944 sedet,
541 1890 665 1947 querum
687 1871 878 1946 longissimus
902 1870 972 1929 ordo

248 1961 375 2036 Agmine
397 1961 548 2018 dimensus
571 1959 681 2036 duplici
704 1960 874 2018 discrimine
897 1961 1017 2035 praebet

249 2049 420 2108 Fornicibus
442 2049 506 2119 tria,
530 2067 603 2125 quos
626 2049 703 2107 iuter
725 2049 908 2107 celsissimus
931 2067 1033 2106 omnes

248 2137 303 2196 Est
325 2138 449 2210 medius
474 2137 569 2196 minor
590 2142 738 2196 extremos
761 2155 898 2196 mensura
920 2143 1044 2196 coercet.

249 2225 345 2285 Huius
368 2227 485 2285 divitias
508 2226 612 2302 templi
635 2244 689 2284 000
711 2226 806 2284 dicere
829 2232 996 2302 promptum
1020 2231 1066 2284 est

178 2315 313 2374 11001100
334 2315 406 2374 libet
428 2321 459 2374 et
481 2333 535 2375 000
557 2320 621 2373 erat
644 2333 721 2373 0000
744 2315 791 2372 100
813 2315 909 2390 10000;
934 2333 1004 2390 ergo
1027 2314 1135 2373 relictis

250 2403 439 2480 Templorum
462 2404 553 2463 sacris
575 2403 673 2478 adytis
696 2403 794 2462 civilia
816 2421 919 2462 rursus

249 2496 455 2569 Aggressurus
477 2511 558 2552 erem
581 2491 729 2565 miracula,
753 2493 783 2550 ni
806 2511 871 2550 mea
894 2498 960 2550 vote

249 2582 312 2640 Iam
335 2582 446 2641 directa
468 2582 524 2641 alio
547 2600 595 2640 res
618 2599 675 2639 una
698 2587 809 2640 morata
831 2581 945 2640 luisset.

347 2813 522 2872 Aedieula
545 2813 706 2888 eorporis
730 2812 865 2871 Christi
889 2811 1028 2870 ibidem.

250 2937 393 2997 Aedicule
416 2939 488 2996 haee
509 2938 560 2996 illa
583 2943 637 3010 est,
660 2937 690 2995 in
713 2957 772 3014 qua
795 2943 907 2996 saerata
930 2937 1031 3012 reponi

180 3040 233 3080 1110
250 3026 354 3086 Hostia
376 3027 536 3101 consuevit,
559 3027 694 3085 crucifixi
717 3044 823 3102 corpus
846 3026 924 3098 lesu,

251 3115 355 3174 Hostia
376 3134 435 3174 non
458 3117 565 3174 iterum
588 3133 686 3174 sacras
710 3115 863 3174 mactanda
885 3132 1033 3191 persnas,

252 3205 308 3263 Pro
331 3204 414 3263 nobis
437 3210 561 3264 mactata
585 3205 684 3277 semel,
708 3223 783 3281 qnae
807 3204 917 3263 nullius
939 3221 1070 3280 unquam

252 3293 321 3353 Sive
343 3293 448 3352 domus
471 3294 553 3369 eguit
576 3311 627 3353 seu
651 3300 739 3369 captu
762 3293 897 3369 ignobilis
921 3310 1005 3352 areae

251 3381 368 3442 Includi
391 3383 494 3458 potuit.
533 3382 644 3441 Tamen
666 3383 736 3441 huic
759 3383 886 3442 humana
908 3381 1044 3440 voluntas

182 3484 234 3524 1115
257 3483 326 3536 [giijal
350 3471 448 3530 Anxie
470 3472 538 3548 plus
560 3490 653 3548 aequo
676 3471 767 3530 divini
790 3489 906 3548 semper
928 3469 1048 3530 honoris

252 3560 309 3619 Per
331 3560 429 3619 cultus
452 3578 574 3636 operum
598 3560 670 3619 fidei
693 3560 800 3636 pietate
823 3562 939 3636 sepulta
