2760 4200
460 404 599 460 Eossnnvs,
621 405 798 445 montenses.

195 577 279 652 Quod
303 581 371 657 quia
394 581 468 640 forte
492 581 554 640 suis
578 581 620 640 sic
642 599 730 658 posse
753 583 871 658 placere
893 582 1009 658 putarit

195 668 387 746 Temporibus
410 670 513 746 magis,
536 670 591 728 hoc
614 670 697 730 nobis
720 689 794 746 opus
816 670 867 729 ille
889 671 1016 747 reliquit.

238 757 325 818 Nunc
347 777 410 834 ego,
434 759 550 834 quando
573 758 645 817 alias
668 759 718 818 alii
741 759 873 818 cecinere
897 765 1007 835 poetae,

142 858 180 899 111
194 845 398 923 Noricaberga,
421 853 487 906 tuas
510 848 620 921 laudea,
643 853 694 907 tua
716 848 833 906 nomina
856 848 950 906 dicam

194 935 298 995 Inclita
322 942 352 994 et
374 942 509 995 aeternae
532 937 644 995 tradam
668 955 721 1012 per
743 937 872 995 carmina
894 937 997 996 famae.

194 1025 272 1082 Dum
296 1031 393 1084 tamen
416 1025 464 1083 hic
486 1025 600 1099 (111111,
628 1043 703 1102 quae
727 1026 821 1102 prima
843 1025 964 1084 exordia
988 1043 1108 1096 sumam,

195 1113 353 1173 Tantarum
376 1114 527 1173 contundit
549 1114 627 1174 enim
651 1133 699 1173 me
723 1115 806 1190 copia
828 1114 958 1188 laudum,

194 1201 329 1278 Dumque
353 1202 452 1261 oculos
475 1203 571 1262 anuno
596 1221 701 1279 sequor
723 1209 753 1262 61
766 1203 946 1279 contemplor
962 1203 993 1261 in
1007 1220 1114 1262 omnes

142 1302 180 1344 111
193 1291 374 1350 Mundiciem
398 1295 497 1367 partes
520 1291 601 1350 urbis
624 1292 795 1368 cultumque
818 1292 970 1350 domorum

194 1381 265 1438 Arte
287 1380 458 1453 laboratum,
482 1398 540 1438 non
563 1380 601 1439 de
624 1380 794 1456 vulgaribus
817 1381 885 1453 ulla,

195 1468 252 1527 Sed
276 1488 334 1545 qua
357 1487 422 1528 rara
445 1470 542 1528 solent
564 1475 594 1528 61
616 1487 675 1527 non
696 1469 754 1528 nisi
777 1487 883 1544 magna
904 1470 1009 1545 parari.

194 1557 251 1631 Dii,
276 1558 379 1634 quales
402 1576 492 1630 arces,
517 1558 565 1631 dii,
589 1558 686 1635 qualia
708 1558 821 1616 moenia
844 1576 939 1632 cerne,

195 1644 335 1718 Qualibus
359 1648 485 1706 urbanas
504 1653 670 1706 exstructas
693 1647 820 1705 molibus
843 1647 938 1720 aedes,

141 1746 180 1788 111
195 1732 297 1806 Qualia
320 1742 461 1810 perpetuo
486 1736 635 1811 surgentia
658 1736 785 1795 culmina
809 1753 888 1810 saxo,

195 1823 280 1892 Sanc,
304 1824 389 1900 quale
412 1841 505 1899 genus
528 1825 665 1901 producit
687 1825 794 1884 Norica
815 1825 903 1883 tellus

193 1912 319 1972 Arcibns
341 1913 467 1971 aeternis
490 1914 717 1990 haudquaquam
741 1914 799 1971 vile
821 1913 960 1972 locandis,

193 2000 322 2060 Naturae
344 2001 463 2077 ingenio
486 2002 612 2078 quodam
635 2021 693 2078 quo
716 2020 843 2077 namque
865 2002 994 2060 recisum
1017 2008 1064 2060 est

194 2089 345 2166 Tempore,
369 2090 457 2149 molle
480 2091 536 2149 fuit
558 2091 644 2149 facile
667 2097 697 2149 61
719 2091 871 2150 tractabile
894 2092 985 2166 ferro;

141 2191 180 2233 111
193 2179 354 2256 Postquam
376 2197 462 2238 auras
485 2179 583 2254 tetigit
606 2197 736 2255 superae,
760 2179 893 2238 mirabile
917 2180 1006 2253 dictu,

141 2278 212 2332 [biijb]
235 2268 372 2326 Durcscit
394 2269 489 2343 magis
512 2273 600 2344 atque
623 2269 718 2343 magis
741 2270 887 2345 roburque
911 2269 1055 2327 manendo

194 2356 327 2433 Concipit
350 2363 381 2416 et
404 2357 485 2416 senio
509 2363 627 2432 superat
649 2357 771 2416 durante
794 2357 943 2416 iuventam

193 2445 341 2522 Pluraque
365 2465 423 2505 non
446 2446 556 2522 patrios
579 2445 610 2503 in
633 2446 750 2504 saecula
772 2451 910 2521 prorogat
932 2463 1032 2504 annos.

193 2534 257 2592 Hoc
279 2534 376 2610 lapide
399 2535 563 2610 adsurgunt
586 2553 674 2610 opera
700 2535 795 2593 omnia
818 2535 937 2610 publica
959 2535 1076 2607 nedum,

140 2622 306 2681 1111161111
329 2623 416 2682 etiam
439 2623 562 2699 privata,
586 2623 699 2696 domus,
722 2624 792 2696 lora,
815 2624 926 2700 templa
940 2641 993 2700 per
1006 2641 1109 2682 omnes

193 2711 335 2787 Aequatis
359 2716 440 2770 certo
462 2712 631 2786 regionibus
654 2712 755 2770 ordine
778 2717 877 2788 partes

195 2799 298 2876 Supra,
321 2801 452 2877 privatos
475 2819 563 2877 quam
586 2801 683 2878 possis
706 2801 828 2860 credere
852 2805 988 2877 sumptus

194 2889 336 2948 Sufficere
360 2896 390 2948 et
412 2895 507 2950 tantas
530 2890 661 2966 potuisse
683 2890 816 2948 attollere
838 2890 947 2949 moles:

193 2977 367 3053 Magnorum
390 2979 471 3037 dicas
494 2997 621 3054 aequare
644 2979 752 3054 palatia
774 2997 886 3054 regum.

140 3079 178 3120 rso
192 3067 260 3126 Huc
282 3066 352 3127 licet
374 3068 509 3144 antiquas
531 3069 610 3126 fama
631 3067 746 3126 aemula
770 3068 901 3127 conferat
923 3068 1019 3141 urbes,

192 3155 250 3215 Vel
273 3174 327 3216 nos
350 3156 503 3216 vincemus
526 3157 576 3215 vel
597 3175 656 3215 non
678 3155 819 3216 cedemus
842 3156 944 3216 honori

193 3244 346 3322 Temporis
368 3245 480 3322 antiqui
503 3251 737 3322 quantacumque
760 3251 823 3305 arte
846 3246 981 3321 superbo.

192 3332 259 3392 Non
282 3334 352 3393 huic
374 3335 451 3394 clara
473 3333 596 3393 Rhodus
618 3334 775 3394 certaverit
796 3340 847 3393 aut
869 3334 1019 3408 Mytilene,

192 3421 258 3482 Non
281 3423 428 3500 Ephesus,
452 3423 564 3500 duplici
586 3441 646 3482 non
668 3440 793 3500 aequore
820 3423 921 3482 clausa
944 3423 1116 3497 Corinthus„

140 3523 179 3566 185
193 3511 225 3571 Si
249 3512 309 3571 sint
331 3531 410 3571 nunc
432 3512 520 3572 etiam
543 3513 646 3588 quales
669 3512 844 3589 quandoque
865 3513 992 3571 luerunt.

192 3602 291 3678 Atque
315 3607 347 3660 ut
369 3607 551 3678 praeteream
574 3601 671 3677 longis
694 3619 783 3677 opera
805 3601 884 3660 edita
906 3602 942 3660 ab
965 3601 1063 3660 annis:
