2770 4274
498 372 638 427 EOBANVS,
660 372 836 414 NORIBEBGA.
928 337 929 340 Ἴ

234 549 359 610 Transiit
381 551 466 609 hasta
487 550 575 622 latus,
598 568 653 609 non
677 549 857 626 aspernanda
880 550 1009 625 profecto

233 639 362 713 Munera,
386 639 438 698 sed
462 639 628 698 veneranda
647 638 743 711 etiam,
767 638 791 696 si
815 638 877 698 sola
899 643 1030 698 vetustas

235 728 425 787 Commendet
441 729 610 788 meritorum
629 727 707 786 haud
725 728 879 786 immemor
900 733 951 785 aut
969 727 1045 786 male
1064 733 1146 802 grata

182 829 220 870 ooo
233 816 299 875 Nou
321 817 409 876 etiam
432 817 530 876 cultus
553 817 641 875 nimio
664 817 855 876 observentur
876 817 986 875 honore

234 905 315 965 Sicut
337 906 517 965 adorantum.
564 905 623 966 Sed
645 923 698 965 nos
721 905 759 964 ad
781 911 884 982 coepta
907 905 1042 964 feramur.

234 994 297 1053 Hoc
320 1013 373 1054 seu
396 995 573 1054 vestibulum
599 1011 651 1052 seu
674 995 772 1052 verius
795 994 910 1054 aemula
933 993 1038 1069 priscis

234 1083 367 1142 Porticus
390 1084 446 1142 ista
468 1085 530 1142 foro
552 1083 650 1142 lucem
674 1089 705 1142 et
727 1083 818 1142 decus
840 1082 929 1142 adicit
951 1082 1070 1158 iugens3

182 1182 239 1236 [stibi
263 1171 343 1245 Quae
366 1191 434 1231 cum
456 1173 612 1247 magnifice
635 1172 745 1231 caelata
768 1172 807 1231 sit
828 1172 908 1230 intus
931 1176 961 1230 et
984 1177 1075 1244 extra,

181 1273 219 1314 905
232 1261 349 1320 Eximio
373 1261 447 1337 pede
468 1261 602 1338 adusque
624 1261 676 1320 alti
698 1260 815 1335 fastigia
838 1260 908 1320 tecti

232 1350 422 1408 Diversorum
445 1368 567 1426 operum
590 1351 690 1408 lormis
713 1349 859 1426 variisque
882 1349 1002 1408 deorum

232 1440 328 1516 Atque
351 1439 501 1497 hominurn
525 1439 637 1511 statuis,
661 1439 757 1511 etiam,
781 1457 849 1497 cum
872 1437 1000 1514 postulat
1023 1455 1103 1500 usus,

232 1527 355 1586 Praebet
376 1527 547 1586 adorantum
570 1527 678 1604 populo
702 1527 867 1603 spectacula
890 1545 992 1601 regum

231 1616 397 1692 intentique
419 1616 481 1675 Deo
505 1634 558 1676 sua
580 1616 706 1690 mystica
728 1616 804 1674 dona
826 1616 979 1674 ferentum.

179 1716 219 1756 910
232 1704 312 1777 Quae
337 1723 425 1780 super
447 1705 586 1782 aequales
608 1711 726 1764 auratus
749 1705 878 1764 circulus
901 1705 987 1764 horas

232 1793 346 1852 Iudicat
368 1799 397 1852 et
420 1795 516 1853 sonitu
539 1800 620 1852 notat
642 1795 718 1853 aeris
741 1799 808 1852 nota
831 1793 936 1852 canori.

233 1881 303 1940 Tam
327 1882 459 1958 speciosa
480 1883 571 1958 igitur
592 1888 731 1959 tantoque
755 1887 905 1942 exstnrcta
926 1883 1024 1942 labore

231 1971 365 2030 Porticus
387 1972 531 2048 impensis
554 1972 698 2048 templum
722 1972 903 2047 superaverit
925 1971 1032 2047 ipsum,

232 2059 286 2118 Cui
308 2060 463 2119 coniuncta
486 2067 589 2137 patens
611 2061 642 2118 in
665 2065 764 2137 partes
787 2065 923 2136 quattuor
944 2061 1055 2120 haeret.

288 2290 564 2350 Xenodocheum
587 2291 776 2350 maximum
800 2291 894 2350 intra
918 2292 1046 2350 urbem.

176 2425 220 2467 915
234 2413 265 2473 Si
288 2416 355 2492 quis
377 2417 564 2476 honorificam
587 2417 638 2493 qui
661 2416 796 2476 laudibus
818 2417 923 2476 evehat
945 2416 1048 2474 urbem

231 2501 357 2564 Noridos
380 2505 543 2580 Hercyniae
566 2524 714 2582 summum
737 2505 852 2582 pietatis
874 2505 1014 2564 honorem
1059 2519 1062 2526 ·

230 2592 266 2652 In
289 2594 413 2653 miseros
435 2603 464 2654 et
486 2595 517 2676 in
540 2595 672 2654 adflictos
695 2602 725 2654 et
746 2595 834 2653 rebus
856 2599 979 2669 egentes

231 2681 403 2751 Praetereat
427 2701 485 2742 non
507 2683 557 2744 ille
581 2683 758 2743 satisfecisse
780 2683 873 2742 labori

229 2771 394 2848 Adsumpto
417 2778 508 2848 queat
528 2780 580 2832 aut
602 2781 670 2832 v'ere
693 2772 829 2832 laudasse
852 2772 953 2831 rideri.

175 2858 295 2918 aaoNon
317 2860 409 2920 alium
432 2861 579 2938 siquidem
602 2861 745 2938 populum
766 2879 819 2938 per
842 2860 981 2920 Teutonis
1004 2879 1084 2920 oram

229 2947 401 3008 Muuificum
425 2951 518 3026 magis
541 2956 592 3008 aut
614 2967 682 3009 vera
704 2951 814 3026 pietate
836 2950 963 3026 priorem

230 3036 266 3096 In
289 3038 411 3098 miseros
434 3039 519 3098 facile
541 3039 686 3099 invenias:
710 3044 754 3098 tot
775 3043 904 3115 praestat
926 3038 1026 3114 egenis

230 3123 334 3185 Officia
356 3132 388 3186 et
410 3132 500 3187 totam
522 3133 566 3186 tot
587 3128 776 3187 xenodochea
798 3145 852 3204 per
874 3127 976 3186 urbem

229 3213 376 3291 Instituit;
404 3225 529 3292 quorum
552 3217 630 3294 quod
653 3217 803 3293 praevalet
824 3215 958 3275 omuibus
980 3222 1069 3294 atque
1097 3222 1143 3276 est

174 3315 216 3356 925
229 3303 379 3363 Eximium
401 3323 480 3364 nunc
502 3324 621 3366 carmen
644 3306 707 3374 erit,
731 3306 783 3365 sed
806 3311 839 3364 ut
861 3305 957 3364 omnia
979 3306 1082 3382 paucis

230 3391 332 3452 Cetera
355 3411 429 3470 quae
452 3394 593 3454 canimus.
639 3395 736 3454 Medio
758 3395 833 3454 iacet
854 3394 935 3453 urbis
961 3394 999 3454 ad
1026 3413 1140 3455 amnem

175 3491 243 3546 {aaa}
266 3481 322 3540 Illa
344 3482 458 3557 domus,
481 3484 529 3543 cni
552 3484 615 3542 sive
635 3483 716 3544 voles
739 3483 808 3543 dare
831 3501 937 3543 nomen
959 3485 996 3542 ab
1018 3484 1114 3560 aegris

221 3569 289 3630 Sive
312 3570 381 3630 dare
404 3571 577 3649 hospitibus,
600 3573 647 3632 ius
670 3580 700 3633 et
722 3573 767 3632 fas
789 3573 910 3632 cuilibet
932 3579 1003 3648 esto,
