2770 4274
524 381 664 436 roasnvs,
687 381 863 442 scqrspnon.
977 375 978 378 ’

184 570 242 613 1200
261 557 426 617 Contexunt
447 576 535 634 opera
557 559 726 617 umbrantes
748 515 895 634 testudine
918 558 1009 617 densa

261 646 409 706 Dissectas
432 648 587 723 perculta
610 647 673 706 vias
696 647 995 730 arcentque‘uiolesti

261 735 370 794 Sideris
392 736 539 811 ardorem3
562 736 691 812 pendent
712 755 730 794 a
752 736 861 796 vitibus
874 733 975 816 duaa

260 824 394 900 Desuper
416 832 446 884 et
468 825 572 902 positis
595 826 736 900 praebent
758 822 931 900 spectacula·
947 825 1057 886 mansi·

261 912 349 972 Grata
371 919 450 973 toros
473 913 558 972 viridi
582 919 752 990 spargentes
775 913 878 972 fronde
900 920 1057 985 comantes.

186 1014 242 1056 1200
265 1002 463 1068 [hiijMaxima
485 1019 553 1079 pars
576 1003 664 1064 habet
685 1003 815 1062 adiectas
838 1020 896 1060 non
919 995 1021 1078 deside
1044 1003 1135 1073 factm

260 1093 331 1150 Arte
353 1091 462 1164 domos,
486 1092 537 1150 sed
561 1091 674 1150 deliciis
697 1098 728 1150 et
749 1091 863 1150 lusibus
886 1095 969 1167 aptas

260 1180 426 1252 Permissis,
449 1199 507 1240 non
530 1180 664 1240 luxuriae
686 1187 738 1238 aut
760 1180 895 1255 ignobilis
918 1180 967 1253 oti,
1059 1167 1141 1242 “i-s·

260 1269 295 1328 In
318 1287 390 1345 quas
413 1269 531 1328 urbanis
554 1269 727 1345 plerumque
750 1269 896 1327 laboribus
919 1268 1000 1343 aegri
1113 1275 1117 1286 ’

260 1358 463 1434 Exhaustique
486 1358 548 1418 suis
572 1363 743 1434 quaerentes
767 1375 885 1416 sumere
908 1357 986 1415 curis
1211 1365 1220 1377 ·

187 1458 241 1499 1100
262 1445 349 1506 Grata
372 1447 523 1522 refrigeria
544 1453 633 1523 atque
656 1446 769 1504 animos
793 1446 893 1505 laxare
916 1445 1048 1504 volentes

261 1535 408 1594 Secedunt
430 1536 616 1612 gaudentque
639 1554 727 1594 aurae
750 1540 814 1594 tum
837 1534 963 1611 denique
985 1535 1058 1593 flatu

260 1623 409 1684 Liberiore
432 1625 498 1698 frui,
522 1625 592 1682 dum
616 1624 725 1683 clausis
748 1624 899 1683 moenibus
922 1628 973 1682 aer

260 1715 383 1772 Aestuat
405 1720 434 1772 et
457 1713 530 1772 nulli
554 1714 680 1789 perflant
702 1712 767 1772 loca
789 1731 893 1788 pressa
914 1712 1019 1772 favoni.

260 1803 375 1861 Adsunt
397 1808 527 1862 rorantes
550 1802 658 1877 geniali
680 1802 836 1878 aspergine
859 1803 954 1860 fontes

188 1891 497 1968 1aooDisperguntque
520 1892 601 1950 leves
625 1891 735 1949 circum
757 1890 821 1949 loca
844 1890 954 1949 consita
976 1889 1115 1966 lymphas

260 1980 408 2056 Vitalique
432 1980 529 2055 ngaut
552 1979 664 2056 pluria:
689 1998 757 2037 nam
780 1997 867 2055 saepe
891 1979 946 2037 sub
969 1996 1055 2038 auras

259 2069 340 2128 Lana
363 2069 546 2144 relapsurum
569 2068 715 2126 iaculatur
737 2068 836 2127 fistula
858 2085 963 2126 rorem.

259 2158 340 2216 Haec
363 2162 408 2216 est
430 2163 550 2216 natiuae
573 2156 663 2215 iacies
686 2157 855 2227 laetissima,
880 2173 931 2216 seu
955 2174 1007 2215 ver

258 2246 400 2322 Intepuit,
424 2247 486 2305 sive
508 2245 627 2305 aestatis
650 2249 732 2304 tenet
755 2245 850 2304 omnia
872 2246 976 2318 fervor,

189 2347 241 2389 1005
260 2335 329 2394 Sive
352 2340 554 2394 senescentem
577 2333 727 2392 concludit
748 2334 880 2392 fructifer
902 2352 1010 2391 anniun

260 2425 441 2498 Autumnus3
466 2443 534 2481 nam
556 2422 650 2481 tristis
673 2423 769 2480 hiems
792 2422 868 2482 laeta
890 2422 986 2481 omnia
1009 2422 1114 2481 turbat.

259 2512 321 2572 Has
344 2531 399 2586 ego
422 2512 543 2571 delicias
566 2513 725 2584 hortorum,
748 2511 823 2570 haec
845 2511 951 2586 gaudia
974 2515 1055 2569 tanta

260 2601 428 2660 Praebuero
451 2600 565 2659 cunctis
588 2600 693 2676 opibus
717 2600 854 2676 vitaeque
876 2599 984 2658 forensi

259 2690 299 2749 Et
321 2708 426 2765 regum
450 2689 536 2748 celsis
560 2689 695 2748 domibus
718 2688 886 2764 mensisque
909 2689 1038 2747 deorum.

187 2791 241 2833 1310
260 2778 344 2852 Quod
368 2778 393 2837 si
417 2779 461 2837 sio
483 2780 599 2837 fortuna
621 2777 777 2853 aliquando
801 2776 912 2850 errarit,
935 2782 969 2835 ut
991 2777 1096 2836 horum

258 2868 362 2943 Egerit
384 2868 443 2926 hnc
465 2867 584 2944 aliquid,
607 2872 672 2924 tum
694 2884 741 2924 me
763 2865 811 2923 vel
833 2865 923 2924 divite
946 2865 1054 2924 Croeso

260 2957 447 3032 Ararificoque
470 2957 548 3014 Mida
571 2955 688 3014 credam
712 2953 806 3028 magis
829 2971 894 3012 esse
918 2955 1042 3014 beatum.

460 3185 589 3245 Schola
612 3203 726 3262 nuper
748 3184 926 3243 instituta.

260 3312 330 3372 Sive
354 3318 400 3371 est
422 3312 495 3370 haec
517 3311 614 3369 rabies
641 3311 710 3386 plus
738 3329 825 3387 quam
854 3309 993 3368 scelerata
1020 3309 1173 3384 malorum,
1233 3315 1234 3318 ’

186 3411 259 3466 [uqa]
284 3400 353 3460 Sive
376 3404 421 3459 est
442 3400 499 3459 hoc
521 3399 606 3458 fatale
630 3400 747 3471 malum,
771 3417 829 3475 quo
852 3404 983 3474 tempore
1007 3405 1106 3459 nostro

188 3501 242 3543 isia
261 3489 373 3548 Cuncta
396 3488 546 3564 repentino
569 3493 639 3548 sunt
661 3487 851 3564 praecipitata
872 3487 1001 3546 tumultu

260 3580 348 3637 Artes
371 3584 401 3636 et
424 3577 522 3636 studia
544 3583 574 3635 et
595 3595 691 3636 mores
714 3581 745 3636 et
767 3577 897 3652 praemia
919 3577 999 3650 recti,
