2770 4274
520 377 661 432 EOBANVS,
682 377 858 418 NORIBERGA.

257 554 387 628 Saecula,
410 573 485 632 quae
509 555 599 613 sacris
622 554 738 613 venient
760 555 879 613 meliora
902 554 1047 614 Camenis,

256 644 354 720 Atque
376 643 488 702 utinam
511 643 610 719 plnres
632 643 790 716 imitentur,
815 643 891 702 siout
912 644 950 701 ad
973 662 1073 703 omnes

257 732 388 791 Pertinet
411 732 590 808 exemplum,
613 733 692 808 quod
715 750 767 790 vos
789 732 930 791 imitabile
954 732 1067 792 eunctis

180 833 238 876 reas
256 821 454 899 Proposuistis
477 839 560 898 opus.
606 821 764 881 Sedenim
787 839 865 880 nunc
887 821 1014 898 denique
1038 821 1126 880 sentit

257 909 405 983 Quantum
427 910 544 970 vesanis
568 908 724 969 Germania
748 910 963 969 bardocucullis

256 999 374 1073 Debeat,
398 1000 428 1057 in
451 1000 574 1074 vulgum
597 999 648 1075 qui
670 999 757 1074 primi
781 1017 918 1075 spargere
941 1016 1027 1057 voces

256 1088 417 1163 Ambiguae
439 1088 505 1146 ausi
527 1088 681 1146 turbarunt
703 1088 766 1147 iura
790 1089 955 1146 scholarum

256 1176 295 1235 nt
317 1195 430 1236 morem
452 1176 584 1236 discendi
607 1182 693 1247 artes,
717 1176 854 1235 caelestia
876 1177 964 1251 dona;

182 1277 239 1319 iaso
258 1264 338 1338 Quae
361 1266 429 1343 quia
453 1273 521 1325 sunt
543 1265 601 1323 alio
623 1265 695 1322 mihi
719 1265 867 1341 deplorata
889 1265 996 1339 libelle,

256 1354 315 1412 Hic
337 1354 464 1430 pretinm
487 1373 546 1412 non
570 1359 616 1412 est
639 1371 742 1430 operae
765 1372 901 1414 revocare
925 1355 1059 1431 querelas

256 1443 391 1517 Ingratas
415 1449 445 1503 et
467 1443 509 1501 nil
531 1443 609 1501 ultra
631 1442 765 1501 utilitatis
788 1443 938 1503 habentes.

257 1531 364 1591 Vester
386 1532 486 1605 honor,
510 1550 527 1590 0
549 1531 705 1590 Noricidae
728 1531 842 1590 delecte
866 1538 984 1590 senatus

257 1620 357 1693 Vrbis,
380 1627 411 1679 et
434 1621 534 1679 inclita
556 1621 632 1678 fama
656 1626 686 1679 et
708 1621 801 1695 gloria
823 1639 891 1678 vera
914 1621 1048 1692 manebit,

184 1721 239 1763 1365
257 1709 335 1768 Dum
358 1710 454 1768 trahet
475 1709 627 1768 instabiles
650 1716 748 1769 vester
770 1710 923 1784 Pegnesus
945 1727 1057 1768 arenas.

184 1986 267 2041 [111111]
302 1976 354 2034 Ad
377 1976 499 2034 urbem
521 1975 754 2051 Noribergam
777 1975 896 2052 operis
919 1975 1111 2034 conclusio.

257 2118 368 2194 Accipe
391 2136 469 2176 nnnc
492 2119 564 2177 mihi
587 2119 664 2176 dicta
687 2124 753 2177 tuas
776 2119 847 2176 urbs
869 2117 970 2176 inolita
992 2117 1107 2194 landes;

258 2205 337 2280 Quas
360 2207 414 2265 tibi
436 2225 490 2265 nos
513 2226 689 2284 quamquam
712 2208 812 2284 plures
835 2207 942 2265 debere
965 2207 1099 2282 fatemur,

257 2295 324 2354 Non
347 2302 446 2354 tamen
469 2296 578 2354 idcirco
601 2314 708 2372 pancas
732 2295 881 2371 sprevisse
905 2295 1042 2355 decorum

257 2385 320 2443 Has
342 2384 397 2442 tibi
419 2386 482 2443 erit.
528 2383 667 2457 Quamvis
690 2390 858 2443 mereantur
880 2384 1009 2443 maxima
1031 2385 1092 2442 diri

186 2486 240 2529 1370
258 2474 387 2547 Munera,
410 2474 505 2532 fronte
529 2474 623 2532 solent
645 2473 730 2532 hilari
751 2479 850 2532 tamen
874 2473 970 2531 omnia
992 2474 1077 2548 ferre,

259 2561 490 2639 Qualiacumque
513 2563 632 2621 damus:
658 2562 701 2620 sic
723 2568 753 2621 te
777 2580 893 2638 quoque
916 2580 1037 2620 munera
1060 2563 1135 2622 vat's

257 2652 401 2727 Accipere
423 2652 481 2710 ista
502 2652 547 2710 tui
568 2651 702 2710 meritam
724 2651 846 2709 meliora
868 2651 989 2723 decebit,
1064 2691 1065 2694 ,

259 2739 316 2813 Qui
339 2740 448 2798 maiora
470 2746 568 2798 tamen
591 2740 686 2816 potuit
708 2741 777 2798 dare
800 2739 891 2813 nulla,
914 2739 970 2798 nisi
992 2740 1088 2816 ipsam

257 2829 300 2888 Vt
321 2829 374 2887 tibi
396 2833 427 2887 te
450 2829 533 2888 daret
555 2834 586 2888 et
608 2829 660 2887 tibi
683 2834 713 2888 te
736 2829 876 2901 laudaret,
900 2834 933 2886 ut
956 2847 1039 2888 esses

187 2931 240 2973 1375
257 2917 324 2976 Non
346 2917 411 2976 aliis
435 2918 529 2992 mode,
552 2919 765 2977 verumetiam
789 2917 905 2975 laudata
928 2918 981 2976 tibi
1003 2918 1069 2994 ipsi.

258 3006 334 3066 Nam
357 3007 415 3065 nisi
429 3012 470 3065 ¹tu
493 3013 608 3065 nostras
630 3025 735 3065 aversa
757 3012 854 3065 mente
878 3006 1029 3079 Camenae,

259 3094 343 3169 Quod
365 3095 403 3154 de
425 3101 455 3154 te
478 3096 613 3173 prohibet
635 3097 765 3171 probitas
787 3101 838 3154 tua
862 3113 975 3154 summa
997 3096 1101 3169 vereri,

258 3184 403 3260 Accipias,
426 3185 484 3242 iam
507 3190 589 3261 parta
612 3203 676 3243 meo
699 3185 752 3243 tibi
775 3184 903 3243 carmine
925 3185 1002 3242 fama
1024 3191 1078 3258 est,

257 3272 379 3350 Iamque
402 3293 437 3332 ea
460 3273 609 3332 succrevit
630 3280 730 3332 nostro
753 3273 807 3332 tibi
829 3272 922 3348 gloria
944 3292 1041 3347 versu,

187 3373 241 3416 reso
260 3361 353 3435 Quam
376 3381 434 3420 non
457 3362 517 3421 ulla
539 3362 612 3435 dies,
636 3381 694 3420 non
717 3363 777 3421 nlla
800 3362 990 3438 exstinguere
1013 3363 1107 3440 possit

258 3451 348 3524 Mors,
372 3451 445 3510 adeo
469 3451 583 3511 cunctis
607 3451 729 3510 veniens
752 3451 857 3509 iniuria
880 3453 976 3510 rebus.

260 3539 345 3614 Quod
367 3540 437 3599 dare
460 3558 516 3599 non
539 3541 635 3616 potuit
657 3546 804 3599 tantarum
828 3541 977 3616 opulentia
999 3559 1106 3613 rerum,
