2770 4274
251 315 292 374 32
558 333 700 389 ronanus
723 333 900 374 normanus.

304 508 398 583 Quam
421 529 496 588 quae
520 511 557 568 de
580 516 688 584 vetere,
712 509 738 569 si
761 529 831 569 vera
853 510 1006 584 aetiana,
1030 510 1160 586 prolecta

304 599 414 658 Noride
437 617 543 658 nomen
566 600 661 673 habet,
685 617 760 677 quae
783 617 861 658 nunc
883 599 1009 676 imposta
1032 600 1152 658 subacto

250 700 290 742 oso
304 688 419 748 Moenia
440 688 575 764 Pegneso
598 689 675 760 colit,
699 688 779 746 haud
801 706 849 747 res
871 688 946 746 mira
968 687 1062 748 videri

304 776 420 852 Debuit,
443 778 491 836 his
513 777 585 836 alias
609 777 634 836 si
657 777 750 836 vincit
773 778 860 836 rebus
883 782 913 836 et
935 778 1023 836 urbes

304 865 342 925 llt
364 867 497 942 populos,
524 867 640 943 quaudo
663 867 735 925 haec
758 866 846 925 etiam
869 865 1028 924 maioribus
1051 870 1130 925 aetas

304 954 456 1014 Praevalet
478 973 625 1013 annorum
648 955 754 1028 studio,
778 955 884 1014 decore
906 954 978 1012 artis
1001 960 1031 1013 et
1053 972 1118 1012 usu.

252 1054 313 1108 [eiu]
330 1044 406 1102 Nam
423 1044 494 1120 quid
507 1043 546 1102 ad
559 1045 631 1103 haec
645 1044 759 1102 conlata
773 1049 881 1120 queant
896 1049 996 1102 vetera
1014 1062 1094 1101 arma
1107 1042 1221 1100 videri?

250 1145 290 1186 oss
305 1130 378 1205 Quis
397 1151 493 1209 neque
511 1151 590 1191 nunc
604 1132 676 1191 ratio
691 1134 752 1191 ulla
770 1151 825 1192 nco
839 1137 886 1192 est
904 1129 986 1190 locus
999 1132 1079 1190 ullus
1093 1136 1127 1189 ut
1140 1131 1219 1205 clim,

304 1222 402 1280 Ariete
425 1239 493 1279 curn
516 1222 589 1280 duro
613 1227 802 1300 quaterentur
824 1221 939 1280 moenia
961 1238 1016 1279 nec
1039 1221 1110 1278 dum

305 1310 396 1369 Tanta
420 1310 598 1387 Cyclopaeos
621 1311 764 1369 adflarent
786 1310 910 1369 fulmina
932 1327 1032 1368 muros

303 1399 518 1476 Diruerentque
541 1400 630 1458 etiam
653 1399 763 1458 validas
786 1417 845 1458 uno
868 1399 977 1474 impete
1000 1403 1105 1458 tirrres

305 1487 424 1562 Felices,
448 1506 522 1564 quos
544 1488 595 1547 illa
617 1488 687 1546 tulit
709 1487 788 1564 prior
811 1488 947 1546 omnibus
969 1492 1050 1546 aetas

251 1589 291 1629 oco
304 1578 403 1635 Aurea
425 1582 455 1636 et
477 1577 572 1635 insani
596 1577 703 1636 studiis
725 1577 844 1635 innoxia
866 1576 936 1634 belli

304 1665 342 1734 Et
365 1665 437 1723 nihil
460 1683 608 1724 armorum
630 1684 686 1724 neo
708 1665 817 1724 talibus
839 1665 941 1739 indiga
962 1665 1059 1738 rebus,

305 1753 386 1827 Quae
408 1754 457 1830 pia
479 1755 617 1830 pacificae
640 1755 748 1813 tollunt
770 1754 944 1812 commercia
966 1752 1057 1812 vitae!

584 1984 720 2044 Horrea
742 1984 894 2062 publica.

348 2109 438 2169 Vrbis
461 2111 492 2168 in
514 2109 680 2188 Hercyniae
703 2110 799 2169 medio
823 2108 975 2185 sterilique
997 2108 1108 2176 locatae

305 2198 341 2257 ln
364 2200 481 2275 regione
505 2199 595 2258 situm
618 2199 684 2276 quis
707 2198 827 2272 nesciat,
850 2198 929 2256 unde
951 2215 1006 2256 nec
1028 2214 1101 2256 usus

252 2302 291 2342 1111
305 2288 412 2347 Divitis
435 2289 507 2346 uber
529 2287 591 2363 agri
614 2306 668 2346 nec
691 2305 791 2346 aarum
814 2287 897 2362 copia
920 2304 1019 2344 rerum

305 2377 374 2436 Vlla
397 2377 443 2449 sit,
467 2377 544 2435 unde
567 2378 675 2435 famem
698 2376 861 2453 propellere
885 2375 978 2452 possit
1001 2379 1140 2450 egentum

306 2465 403 2524 Turba
425 2465 597 2524 hominurn?
621 2464 730 2523 Tamen
753 2483 792 2523 cx
815 2465 913 2541 aliquo
937 2482 992 2522 ceu
1015 2463 1107 2522 divite
1128 2481 1220 2522 cornu

305 2555 445 2613 Adfluere
468 2554 537 2612 huic
559 2554 676 2630 popula
700 2553 807 2629 quibus
830 2559 859 2612 et
882 2570 915 2612 sc
937 2552 1032 2629 possit
1054 2552 1169 2612 abunde

305 2644 403 2719 Atque
426 2643 498 2701 alios
520 2643 621 2718 plures
645 2643 711 2718 quis
734 2660 792 2701 non
815 2642 940 2701 miretur
962 2642 992 2699 in
1015 2659 1106 2700 annos

252 2745 291 2786 roo
305 2733 439 2805 Pascere,
463 2732 489 2790 si
512 2750 570 2808 qua
593 2732 668 2790 ferat
690 2749 789 2790 rerum
811 2732 927 2790 fortuna
949 2732 1109 2789 novarum?

306 2820 389 2894 Quod
412 2820 514 2898 procul
536 2825 669 2879 avertant
692 2820 800 2896 superi,
824 2819 1040 2896 tranquillaque
1062 2819 1144 2896 pacis

304 2909 388 2968 Dona
410 2903 578 2968 salutiferae
601 2909 709 2967 nostris
732 2926 887 2985 superesse
910 2908 1014 2967 diebus

305 2999 424 3057 Adnuat
446 3003 534 3074 atque
557 2998 652 3056 omnis
675 2998 784 3056 tribuat
807 2997 887 3056 Deus
909 2997 1016 3056 arbiter
1038 2996 1118 3057 aevi!

307 3087 397 3164 Copia
420 3105 477 3164 qua
500 3087 611 3145 ratione
634 3092 732 3145 tamen
756 3093 816 3145 tam
839 3086 944 3145 fertilis
967 3086 1033 3144 urbi

253 3189 292 3231 roo
306 3177 426 3235 Aclfluat
448 3176 527 3249 huic,
550 3181 584 3234 ut
606 3193 699 3253 pauca
721 3175 825 3252 loquar
847 3193 901 3234 nec
924 3174 1039 3250 singula
1061 3173 1167 3247 dicam,

306 3266 347 3324 Vt
369 3270 490 3338 taceam,
515 3264 646 3341 prudens
669 3264 776 3342 quibus
798 3264 910 3323 artibus
932 3263 990 3322 ista
1012 3267 1131 3322 senatus

254 3365 315 3420 [eijb]
343 3354 514 3430 Prospiciat,
538 3372 596 3431 qua
619 3353 678 3412 sint
700 3353 806 3430 reliqui
829 3353 1027 3412 moderamine
1050 3351 1143 3410 cives:

306 3443 426 3502 Publica
448 3443 533 3518 fruge
556 3460 677 3518 gravem
701 3448 770 3500 sunt
792 3443 896 3500 horrea
920 3442 1013 3500 multa
1035 3459 1088 3518 per
1108 3440 1222 3515 urbem,

305 3532 419 3591 Horrea
440 3531 583 3591 Trinacrii
605 3549 756 3608 nunquam
778 3549 897 3590 cessura
920 3530 1015 3590 coloni
