2770 4274
249 373 289 432 82
584 391 732 447 nvsourvs,
755 389 873 432 mrsrcn.

248 579 322 633 [sva]
343 567 487 644 Prospieit
509 568 539 626 in
561 568 636 627 latas
659 568 819 628 extendere
842 570 945 629 robora
968 573 1066 645 partes

305 657 394 734 l'nque
415 657 499 734 polos
521 657 588 716 altis
611 663 642 716 et
663 658 695 715 iu
717 658 834 717 aethera
857 675 979 734 vergere
1001 657 1099 729 ramis,

301 745 361 805 Sub
385 746 491 823 quibus
513 753 543 805 et
565 746 701 820 Dryades
724 747 825 805 niveae
848 747 998 824 satyrique
1020 745 1148 823 protervi

302 834 538 912 Oapripedesque
561 836 657 912 palam
680 836 760 894 taum
783 836 890 895 saltare
913 836 1076 912 chorosque

248 937 288 978 roo
301 924 467 984 Instaurare
491 925 586 984 solent
608 925 735 1001 lassique
759 926 813 983 sub
836 925 946 984 arboris
970 926 1072 984 umbra

301 1013 407 1074 Suavis
428 1013 559 1072 lacteolis
582 1013 754 1073 mollissima
776 1015 866 1089 figere
889 1014 1029 1090 nymphis

300 1101 338 1162 ut
360 1103 431 1162 laeti
454 1103 562 1162 virides
584 1103 615 1161 in
637 1103 704 1162 viro
727 1103 855 1180 caespite
878 1121 994 1162 mensas

301 1191 436 1251 Sternere
459 1191 593 1251 vimineis
616 1198 646 1250 et
667 1192 794 1267 agrestia
817 1192 892 1250 dona
914 1193 1050 1252 canistris

300 1281 438 1340 Promere
461 1286 491 1340 et
512 1281 690 1340 ambrosium
713 1282 792 1340 buxo
815 1281 937 1340 miscere
960 1282 1058 1359 capaci

248 1383 287 1424 105
300 1370 409 1430 Nectar
431 1376 461 1430 et
482 1370 619 1447 imposito
642 1371 753 1429 crinem
776 1371 959 1430 circumdare
982 1377 1066 1430 serto

301 1459 439 1520 Pastores
462 1461 517 1518 hoc
540 1477 628 1536 saepe
650 1459 759 1532 vident,
783 1478 851 1518 cum
875 1460 969 1519 Sirius
991 1465 1075 1519 aestu

301 1548 398 1607 Findit
419 1567 506 1624 agros
529 1548 717 1626 mediumque
739 1555 822 1608 tenet
844 1549 888 1607 sol
907 1567 1031 1624 magnus
1045 1548 1215 1626 Olympum.

300 1637 377 1698 Nam
399 1643 470 1696 tunc
492 1637 599 1696 siccato
622 1655 686 1696 rore
709 1643 739 1697 et
762 1638 928 1697 sitientibus
951 1638 1050 1697 herbis

301 1728 327 1785 A
350 1732 436 1804 pastu
460 1727 577 1802 tugiunt
598 1745 757 1804 auramque
780 1729 971 1806 umbramque
994 1731 1158 1804 sequuntur

249 1827 288 1870 110
301 1817 442 1875 Armenta
465 1823 496 1876 et
518 1815 623 1875 mediis
645 1815 768 1892 cupiunt
790 1817 974 1893 requiescere
997 1816 1087 1876 silvis.

302 1904 364 1978 Quo
388 1905 509 1964 veniunt
531 1905 619 1964 etiam
642 1905 809 1980 gradientes
832 1923 907 1982 pone
930 1905 1063 1981 magistri

302 1994 468 2072 Crebraque
492 2000 612 2070 septena
634 1994 793 2054 tundentes
816 1995 905 2054 iubila
927 2013 1020 2054 canna

301 2084 431 2143 Innocua
449 2084 532 2142 leves
554 2083 710 2160 expellunt
732 2084 861 2142 carmine
885 2102 979 2143 cruos.

301 2172 341 2231 Hi
364 2173 500 2250 quotiens
524 2173 582 2231 seri
605 2173 731 2232 redeunt
752 2173 783 2231 in
806 2178 885 2232 tecta
906 2173 1032 2246 iuvenci,

249 2275 287 2316 uo
302 2261 363 2322 Sub
386 2262 495 2339 patulis
518 2262 626 2321 totiens
649 2262 753 2321 diormt
776 2280 808 2320 se
831 2262 952 2321 numina
974 2262 1064 2320 ramis

249 2363 325 2417 [nvjm
348 2351 468 2410 Vidisse
490 2356 520 2409 et
541 2352 632 2410 festas
655 2352 722 2410 luco
745 2351 891 2426 gaudente
913 2352 1042 2410 choreae.

302 2440 415 2500 Versus
437 2441 474 2498 ad
498 2445 641 2499 Auroram
664 2441 773 2500 Phoebi
797 2446 827 2500 et
849 2439 998 2499 nascentis
1021 2440 1058 2498 ad
1081 2445 1161 2498 ortus

302 2530 359 2588 Hic
381 2529 467 2589 aliam
491 2529 575 2587 video
598 2548 754 2589 numerosa
778 2547 899 2604 surgere
923 2530 1028 2588 silvam

303 2619 418 2695 Stipite,
442 2619 494 2677 sed
517 2619 590 2676 duro
613 2619 704 2694 gemit
726 2620 800 2677 haec
823 2619 948 2677 obnoxia
970 2619 1048 2676 ferro

249 2721 289 2763 120
302 2708 455 2784 Lignaqus
477 2709 535 2766 fert
557 2708 666 2784 rapidis
690 2714 720 2766 et
743 2707 839 2766 saevis
862 2708 973 2766 caedua
996 2708 1129 2766 thamnus.

302 2799 342 2856 At
364 2797 417 2856 tibi
440 2815 519 2856 nunc
541 2797 642 2874 paucis
665 2797 790 2856 armenti
814 2797 898 2872 copia
920 2815 996 2874 quae
1020 2797 1067 2870 sit,

303 2886 384 2960 Quae
408 2886 447 2945 sit
469 2887 561 2945 forma
584 2887 672 2946 boum
696 2886 771 2945 silva
794 2886 938 2945 stabulata
961 2887 1015 2944 sub
1038 2886 1125 2958 omni,

302 2975 479 3052 Expediam:
504 2981 594 3053 caput
615 2981 662 3034 est
683 2994 833 3050 magnum,
855 2975 1039 3035 crassissima
1060 2975 1161 3034 cerain

303 3064 529 3142 Oblongumque
552 3065 636 3138 latus,
660 3070 775 3124 torvum
798 3065 927 3141 palearia
949 3070 1053 3141 pectus

250 3167 289 3209 125
303 3155 368 3213 Ima
390 3159 502 3230 tegunt,
526 3154 602 3213 hirta
625 3154 683 3212 duo
706 3172 832 3213 concava
854 3155 950 3213 fronte
973 3155 1121 3213 minantur

303 3243 427 3316 Cornua,
450 3242 559 3302 lunatis
582 3261 668 3302 aures
692 3244 746 3302 sub
769 3243 905 3302 cornibus
929 3244 1055 3317 horrent,

302 3333 472 3409 ignavaque
495 3333 587 3409 pedes
610 3333 718 3391 abeunt
740 3332 883 3408 gratitate
905 3331 1020 3406 bisulci,

303 3421 460 3499 (laudaque
483 3422 624 3481 contactis
645 3422 735 3481 remit
757 3422 820 3480 sola
842 3422 940 3498 putria
961 3421 1064 3497 glebis.

304 3511 375 3570 Tale
397 3515 460 3568 erat
481 3517 656 3585 armentum,
679 3511 803 3570 stabulis
826 3511 905 3588 quod
928 3511 1020 3569 victor
1042 3510 1135 3570 Iberis

250 3614 289 3656 130
303 3600 434 3659 Abstulit
457 3606 487 3659 et
510 3601 605 3660 Tusco
627 3601 699 3659 latit
721 3600 893 3675 Tirynthius
917 3618 1003 3659 amne
