2770 4274
260 362 301 420 84
595 378 743 434 nvscmvs,
765 378 884 420 nrrsrcn.

313 556 393 630 Quos
415 574 471 632 ego
494 573 549 615 nec
572 556 670 633 specie
693 574 815 615 numero
837 574 893 614 nec
915 555 1043 615 carmine
1066 573 1195 632 possum.

312 645 425 705 Alcinoi
448 646 499 723 qui
522 645 592 705 mite
616 646 712 705 solum
734 646 899 723 Persaeque
922 646 1050 722 potentis

312 736 474 794 Pomileras
496 753 588 813 aequo
611 735 755 794 discretas
778 735 870 794 limite
894 735 984 794 silvas

312 825 504 902 Insignesque
528 826 627 884 hortos
650 824 740 902 prisci
762 824 885 883 miratur
907 824 1018 883 Adonis

259 926 299 969 no
311 913 351 973 Et
372 914 449 973 mala
471 914 668 990 Hesperidum
691 914 772 972 fulvo
793 914 934 973 certantia
956 913 1026 971 villo

312 1003 472 1076 Praedicat,
495 1003 545 1062 ille
568 1009 634 1062 tuos
658 1003 691 1077 si,
714 1003 797 1079 Lips,
819 1002 974 1079 aspexerit,
998 1019 1099 1061 omnes

314 1092 433 1152 Ridebit
455 1111 528 1169 qnos
551 1098 597 1152 est
619 1092 719 1152 hortos
741 1093 845 1151 mirata
867 1097 1006 1151 vetustas.

312 1181 403 1242 Laeta
426 1183 480 1240 sub
503 1182 550 1242 his
572 1183 651 1241 cives
673 1188 819 1258 peragunt
840 1182 973 1240 convivia
994 1181 1093 1255 ramis,

313 1271 388 1330 Cum
410 1289 464 1330 rer
486 1271 621 1347 pubescit
644 1271 812 1348 rapidisque
836 1271 981 1330 caloribus
1004 1275 1099 1329 aestas

259 1373 299 1415 rm
313 1361 434 1420 Arboris
456 1362 566 1420 effusae
588 1361 732 1419 iucundas
756 1360 847 1419 efficit
869 1361 996 1419 umbras.

260 1461 326 1515 [Biia]
349 1450 459 1509 Pocula
481 1468 534 1510 nec
557 1450 664 1509 desunt
678 1450 802 1508 Veneris
826 1468 881 1509 nec
903 1467 974 1508 cura
996 1450 1111 1525 puellae

311 1539 375 1598 Nec
397 1539 498 1599 dulces
520 1540 660 1598 iuvenum
682 1545 792 1612 coetus,
816 1539 867 1616 qui
889 1539 1018 1598 carmina
1040 1538 1143 1596 dicunt

312 1628 532 1706 Instituuntque
555 1629 659 1687 choros
682 1629 803 1702 cythara
826 1628 993 1687 modulante
1016 1645 1120 1686 sonora

312 1717 350 1775 Et
373 1717 524 1776 volucrium
547 1723 635 1776 cantu
658 1723 761 1776 tenues
784 1717 925 1777 miscente
949 1734 1093 1776 susurros.

260 1820 299 1861 rao
313 1806 398 1866 Tales
420 1807 546 1880 divitias,
569 1807 643 1866 tales
666 1807 717 1865 vix
740 1807 871 1884 possidet
893 1806 1013 1865 umbras

313 1894 479 1973 Gargaphie
502 1896 603 1956 vitreis
626 1895 735 1955 Dianae
757 1896 874 1971 cognita
895 1896 1034 1972 lymphis,

302 1979 445 2045 'Maenala
467 1985 519 2044 vix
541 1985 607 2044 luco
631 1985 675 2044 sic
697 1985 894 2044 defenduntur
916 2003 1014 2062 opaco.

313 2075 393 2134 Haeo
415 2075 478 2134 loca
501 2076 549 2134 vel
572 2074 630 2133 dici
654 2079 778 2151 possunt
800 2074 973 2133 mollissima
996 2074 1105 2150 Tempe

313 2163 457 2241 Calliopes
481 2164 528 2223 vel
550 2165 615 2223 iure
639 2164 733 2222 solum
756 2164 852 2223 natale
875 2164 981 2223 vocari.

259 2265 298 2306 rao
312 2253 355 2312 Vt
377 2259 487 2312 taceam
510 2254 597 2312 flores
623 2271 729 2312 suaves
751 2261 781 2313 et
803 2253 938 2312 odoribus
960 2253 1066 2311 herbas

313 2343 352 2401 Et
374 2361 449 2420 qnae
472 2343 539 2402 viva
561 2343 656 2402 modis
679 2343 827 2414 delectant
849 2342 980 2418 gramina
1002 2342 1084 2400 mille

312 2431 534 2508 Luxuriantqne
557 2432 648 2491 comis
671 2437 702 2490 et
723 2432 806 2490 mille
829 2431 974 2490 coloribus
997 2437 1099 2489 nmnt:

312 2521 368 2580 Hic
390 2539 456 2580 rosa
479 2521 655 2596 sangiuneos
677 2521 782 2580 ardens
805 2520 918 2580 diducit
940 2520 1074 2594 amictus,

313 2609 370 2669 Hic
392 2610 520 2669 humiles
542 2610 636 2669 violae
658 2610 739 2668 dulci
761 2609 910 2686 ferrugine
933 2610 1045 2684 florent,

260 2711 300 2752 190
314 2699 419 2775 Effigie
443 2699 549 2758 calathi
573 2704 696 2776 procera
717 2699 765 2758 hic
787 2699 850 2758 lilia
872 2705 1006 2774 snrgunt,

312 2789 425 2864 Regius
448 2789 497 2847 hic
519 2789 620 2848 mitem
643 2789 782 2847 diffundit
803 2807 954 2847 amaracus
977 2789 1119 2867 umbram,

313 2878 370 2937 Hic
393 2878 524 2937 saliunca
545 2878 629 2952 viret,
652 2878 778 2937 candent
800 2877 848 2936 hic
870 2878 936 2938 alba
957 2878 1088 2952 ligustra,

312 2968 378 3041 Hic,
401 2967 539 3042 narcisse,
562 2967 646 3040 nites,
668 2968 724 3042 hic,
747 2967 913 3042 hyacinthe,
936 2967 1076 3041 rubescis,

312 3057 376 3115 Nec
398 3057 543 3116 melilotos
565 3058 655 3130 abest,
682 3075 738 3116 nec
759 3058 844 3129 abest
865 3062 1032 3116 amarantus
1055 3062 1085 3114 et
1107 3056 1208 3115 haeret

260 3158 299 3199 roo
312 3139 471 3205 Proximus
494 3147 644 3220 oenanthe,
666 3146 739 3205 flore
761 3151 792 3205 et
814 3145 943 3205 vaccinia
965 3145 1048 3222 nigro

261 3246 329 3301 [Bith]
351 3236 388 3295 Se
411 3235 531 3310 sociant,
553 3235 707 3312 iungitque
729 3235 789 3293 illis
813 3253 845 3294 se
866 3236 971 3294 baccar
993 3235 1120 3293 amicum

313 3325 468 3384 Frontibus
491 3329 521 3383 et
542 3325 613 3382 flexi
634 3343 702 3383 cum
726 3325 822 3383 caltha
845 3324 942 3382 vimen
965 3324 1089 3383 acanthi.

313 3413 400 3473 Nunc
423 3431 542 3472 vescum
565 3414 632 3490 quis
655 3414 733 3473 dioet
758 3415 841 3472 olus?
874 3412 946 3487 Quis
968 3414 1095 3491 plurima
1117 3431 1225 3486 rerum,

313 3503 471 3563 Hortornm
494 3520 569 3580 quae
593 3521 662 3561 cura
684 3503 763 3579 parit
783 3503 967 3579 fecundaque
990 3502 1071 3561 cultu

259 3603 299 3648 200
313 3592 402 3652 Terra
425 3611 486 3668 suo,
510 3597 543 3651 nt
564 3592 623 3651 late
645 3593 807 3669 pandentes
830 3592 965 3652 bracchia
987 3593 1070 3652 betas
