2770 4274
441 401 634 456 mersumve
657 401 841 442 rnmvmcrca.
970 381 971 384 ’
1078 383 1118 443 63

249 578 425 654 Bissenique
447 596 513 638 aras
536 579 691 638 occuluere
714 578 769 638 dei.

204 667 241 726 In
263 667 387 744 reliquis
409 685 501 726 unum
525 667 602 726 tollit
623 667 740 743 fastigia
763 667 907 744 templum

250 756 449 833 Spectandum
472 757 502 814 in
524 756 665 832 liquidam
689 762 769 816 turre
791 756 917 815 subinde
940 756 1065 832 plagam.

205 845 287 905 Haec
309 845 399 904 turris
423 851 544 922 superat
566 845 727 922 spectantis
750 845 788 904 ad
810 845 908 904 omnia
930 844 1009 904 vires

150 945 192 986 120
249 934 288 992 m
309 933 469 992 tremulum
491 935 579 1010 longe
601 934 714 994 deserit
735 935 795 994 alta
817 939 913 1011 caput.

205 1023 268 1082 Hac
290 1041 395 1082 manus
418 1022 540 1082 artificis
563 1023 709 1100 quondam
734 1023 903 1100 spectabilis
925 1027 987 1082 arte

250 1112 396 1180 Cernitur,
419 1112 475 1171 hac
497 1112 623 1170 multum
647 1113 765 1172 saecula
787 1111 883 1171 laudis
906 1113 1022 1171 habent.

204 1201 379 1276 Pyramides
403 1201 589 1260 memoranda
610 1202 701 1260 refert
722 1201 880 1278 laudatque
902 1205 1048 1260 vetustas:

250 1289 322 1363 Quo,
345 1289 456 1361 Musae,
480 1295 594 1350 tantum
616 1291 681 1350 iure
703 1289 808 1350 tacetis
830 1291 924 1366 opus?

152 1389 191 1430 125
207 1378 341 1438 Claudite
365 1379 531 1438 summissis
554 1379 710 1438 viridantia
732 1379 847 1438 lusibus
869 1385 961 1452 antra,

249 1467 296 1526 Ne
319 1468 397 1526 risus
420 1473 556 1527 moveant
579 1487 637 1526 non
660 1469 732 1527 benc
757 1473 834 1527 sarta
856 1468 947 1528 leves.

206 1557 262 1614 Hic
285 1557 384 1616 divam
406 1557 499 1615 multo
521 1575 696 1616 veneramur
718 1562 783 1616 ture
806 1557 944 1633 puellam,

250 1644 331 1718 Quae
355 1663 423 1704 cum
446 1645 485 1704 sit
506 1646 598 1721 virge,
622 1646 739 1705 nomina
761 1645 863 1704 matris
886 1646 982 1717 habet,

153 1747 213 1801 [oro]
237 1735 310 1793 Tam
332 1752 473 1811 praesens
497 1752 606 1793 numen
630 1735 747 1794 miseris
769 1735 941 1794 mortalibus
963 1734 1049 1807 ultro,

152 1837 192 1878 rao
250 1823 292 1882 Vt
314 1841 434 1900 pressos
457 1823 530 1882 duro
552 1824 682 1900 pondere
706 1829 810 1900 sponte
831 1823 918 1882 levet.

205 1913 290 1971 Hanc
312 1913 416 1971 aedem
439 1912 549 1970 Mariae
571 1912 658 1970 iustis
680 1913 847 1971 moderatur
869 1912 992 1971 habenis

249 2001 374 2078 Eloquio
398 2006 511 2075 mystes
534 2001 703 2078 iustitiaque
726 2007 839 2078 potens.

205 2091 302 2150 Dicite
324 2091 362 2164 io,
385 2090 516 2162 invenes,
540 2095 570 2148 et
592 2089 619 2147 io
643 2095 767 2164 cantate,
790 2090 916 2166 puellae,

250 2179 347 2238 Dicite
369 2178 407 2249 io,
430 2184 548 2251 matres,
572 2178 660 2237 dicite
683 2179 778 2255 ioque,
802 2181 899 2237 senes!

153 2281 192 2323 135
205 2269 357 2328 Pastorem
380 2273 511 2326 vestrum
534 2267 649 2343 patulas
673 2269 775 2326 efferte
799 2268 852 2326 sub
875 2285 977 2326 auras:

250 2357 464 2416 Incustoditum
486 2374 545 2414 non
568 2355 638 2414 sinit
661 2373 727 2416 esse
749 2374 877 2432 gregem,

205 2447 232 2505 A
255 2446 379 2505 stabulis
401 2451 482 2504 amet
504 2445 601 2519 Stygii
624 2445 701 2504 mala
723 2451 839 2521 spectra
861 2445 953 2505 leonis

251 2533 367 2611 Oraque
389 2534 552 2593 frendentis
576 2534 799 2609 sanguinolenta
821 2535 893 2610 lupi.

207 2624 305 2700 thue
328 2623 380 2682 diu
403 2623 484 2682 vivat
506 2623 692 2682 volventibus
715 2623 811 2682 omnia
833 2623 942 2696 Parcis,

153 2726 193 2768 140
251 2712 287 2772 In
309 2717 423 2771 vestras
446 2711 529 2771 divos
553 2712 707 2772 sollicitate
730 2730 841 2788 preces.

207 2801 326 2861 Scilicet
348 2801 386 2860 ad
408 2801 551 2878 populum
574 2819 692 2878 semper
714 2801 794 2861 Deus
817 2803 882 2879 ipse
906 2802 1054 2878 loquentis

251 2890 309 2951 Ora
332 2890 484 2949 salutifero
507 2890 627 2949 numine
649 2896 728 2950 tacta
750 2896 857 2965 movet,

207 2979 282 3039 (lum
306 2997 364 3038 non
386 2979 460 3038 falsa
483 2980 568 3038 docet
590 2980 726 3039 crucifixi
749 2981 864 3039 oracula
887 2979 996 3039 Christi

251 3068 407 3139 Successu,
430 3086 489 3145 quo
511 3069 564 3126 vix
586 3087 664 3128 unus
686 3074 716 3128 et
738 3069 812 3128 alter
834 3069 898 3141 erit,

154 3171 193 3212 145
206 3157 321 3233 Dignus
344 3157 380 3216 ab
403 3157 549 3234 Hesperio
572 3158 624 3234 qui
646 3157 758 3217 semina
781 3164 934 3235 spargeret
956 3159 1026 3218 orbe

251 3246 366 3305 Enthea
388 3247 537 3306 nascentis
560 3246 630 3305 solis
653 3247 786 3323 adusque
810 3247 901 3307 sinus.

207 3335 329 3412 Iamque
351 3334 460 3394 iterum
483 3340 580 3395 vertar
602 3336 723 3412 paulum
745 3336 898 3411 digressus
920 3337 958 3396 ad
981 3339 1093 3411 urbem,

251 3423 351 3482 Livori
372 3424 524 3484 inveniant
545 3443 583 3484 ne
605 3443 671 3484 mea
693 3425 766 3483 torte
788 3425 894 3484 locum.

207 3513 310 3572 Adlnit
332 3513 408 3572 hanc
431 3513 533 3572 vitreis
555 3513 703 3573 Trescnus
726 3514 870 3590 spumifer
893 3515 980 3575 undis

154 3615 194 3656 mo
252 3601 431 3678 Piscosoque
454 3603 544 3662 refert
566 3621 675 3678 pascua
697 3602 773 3662 laeta
796 3603 876 3680 sinu3
