2770 4274
241 353 283 411 48
321 366 328 376 ·
548 371 690 426 rosanus,
712 371 889 412 ncnrsuncl.

242 560 293 601 000
313 548 448 607 Alterum
469 548 506 605 ab
528 547 650 607 alterius
673 565 773 606 morsu
795 548 936 608 divellere
959 549 1082 607 ferrum:

311 636 455 696 Dentibus
478 636 526 694 hio
549 636 657 696 retinet
682 654 818 712 massam,
840 637 931 696 trabit
953 637 1004 696 ille
1027 637 1195 696 draconum.

312 726 409 802 Atque
432 725 580 784 hoedum
603 725 721 798 faciunt,
745 725 785 785 ita
808 744 840 785 se
863 725 1020 802 perniciter
1042 730 1148 800 rugant

313 814 464 874 Cantantes
487 815 596 873 crebris
619 814 695 873 inter
718 832 749 874 se
771 814 944 887 adsultibus,
968 833 1002 874 ac
1025 815 1050 873 si

312 903 370 962 Pro
393 903 461 975 vita,
485 921 543 961 non
565 921 619 979 pro
641 904 718 962 ferro
741 908 878 962 cernatur
900 903 1057 980 utrimque.

243 1005 295 1044 000
305 1002 384 1057 [000]
394 993 491 1068 Atque
501 992 542 1050 ita
551 991 623 1050 dum
636 991 745 1068 rapidis
754 993 863 1052 ferrum
873 992 947 1052 rude
956 992 1103 1052 morsibus
1117 998 1227 1066 arcent,

312 1080 347 1139 I11
370 1080 455 1139 filum
477 1086 555 1140 teres
578 1081 738 1156 expoliunt,
762 1081 840 1158 quod
862 1082 899 1140 ab
922 1099 972 1140 ore
994 1086 1148 1158 receptum

313 1168 440 1246 Vipereo
462 1169 610 1228 adsistens
632 1169 662 1228 in
686 1169 767 1228 mille
790 1169 939 1229 volumina
962 1177 1073 1229 curvat.

314 1257 386 1332 Quis
409 1259 482 1317 deus
506 1259 580 1318 hanc
603 1257 714 1332 Musae,
743 1258 809 1336 quis
832 1265 891 1318 tarn
915 1259 1112 1318 memorabilis
1134 1263 1226 1318 artem

314 1346 450 1406 Ostendit
473 1349 580 1406 casus?
609 1347 675 1406 Non
698 1348 749 1406 ille
771 1354 822 1407 aut
845 1347 987 1406 Thracius
1010 1353 1061 1407 aut
1084 1345 1157 1406 Cres

243 1447 296 1488 1195
313 1437 375 1495 Aut
396 1435 490 1494 Italus
513 1436 575 1508 fuit,
599 1435 716 1511 ingenio
739 1437 789 1514 qui
813 1437 919 1496 claruit
941 1437 1001 1508 illc,

314 1524 401 1583 Vnde
423 1526 499 1584 hanc
522 1526 658 1584 humanis
682 1526 860 1585 concesserit
882 1526 985 1585 usibus
1008 1529 1109 1597 artem,

315 1613 373 1672 Sed
397 1612 562 1672 Germanus
585 1620 655 1686 erat,
680 1614 732 1672 sed
754 1614 889 1674 Noricus.
935 1614 989 1672 1110
1012 1615 1063 1672 (110
1086 1632 1147 1672 rem

314 1703 467 1761 Inventam
490 1702 627 1775 occuluit,
651 1703 728 1780 quia,
753 1703 829 1762 sicut
852 1721 968 1780 semper
990 1721 1110 1762 avarum
1134 1709 1180 1761 est

314 1791 483 1849 Humanum
506 1791 665 1866 ingenium,
689 1791 770 1852 solus
792 1792 926 1868 percepit
948 1798 978 1852 et
1000 1792 1072 1852 artis

244 1892 296 1933 1200
315 1879 474 1939 Commoda
497 1880 651 1958 multiplici
675 1881 730 1940 sibi
754 1882 959 1957 respondentia
982 1881 1079 1940 fructu

314 1969 484 2046 Inriditque
507 1969 580 2042 aliis,
604 1970 683 2046 quod
705 1988 759 2046 per
781 1989 814 2029 se
838 1971 918 2030 solus
941 1971 1065 2030 habebat

314 2057 470 2118 Inventum
494 2078 529 2117 ac
551 2077 642 2135 prope
658 2077 691 2118 00
706 2065 816 2133 natum,
840 2060 919 2118 haud
933 2059 1052 2118 aliunde
1067 2064 1228 2135 receptum,

315 2147 422 2220 Donec,
445 2153 479 2205 ut
500 2153 653 2206 aeternum
676 2167 734 2207 non
757 2166 805 2206 res
828 2149 906 2224 potis
929 2149 989 2206 ulla
1011 2149 1102 2207 latere
1124 2153 1178 2220 est,

315 2238 373 2294 Ars
396 2255 471 2295 nova
493 2236 593 2296 clausa
615 2237 667 2295 diu
689 2237 785 2312 erupit
807 2237 946 2314 venitque
969 2238 1024 2295 sub
1047 2254 1134 2294 auras

245 2338 297 2379 raus
316 2325 425 2401 Sponte
448 2343 501 2383 sua
524 2326 652 2384 vinctam
675 2344 740 2385 sese
762 2325 915 2402 indignata
936 2325 1037 2384 teneri.

315 2415 410 2474 Parva
432 2414 526 2488 gradu
549 2415 652 2491 primo,
675 2434 745 2473 mox
769 2414 904 2490 evulgata
927 2415 1074 2490 frequenti

315 2503 481 2562 Ambitione
504 2503 655 2562 hominurn
678 2504 771 2562 crevit
794 2522 848 2562 neo
872 2523 903 2564 se
925 2503 1053 2579 amplius
1076 2504 1152 2562 intra

315 2591 460 2668 Antiquos
483 2593 578 2651 tenuit
600 2592 689 2651 fines:
713 2593 770 2652 iam
794 2592 893 2666 libera,
917 2593 975 2652 iarn
999 2611 1030 2652 00

316 2681 417 2757 Ipsam
440 2699 498 2740 non
521 2681 641 2758 capiens
663 2681 695 2740 in
719 2700 867 2740 summum
890 2681 985 2742 evasit
1007 2683 1043 2740 ab
1066 2680 1116 2741 illo

247 2769 382 2828 1‘110N0n
404 2770 539 2829 habitura
561 2771 667 2844 locum,
691 2789 749 2847 quo
772 2770 878 2830 deinde
901 2770 1060 2830 ascendere
1083 2769 1176 2846 possit

316 2858 380 2917 Hoc
402 2877 478 2934 opus
500 2859 531 2918 in
555 2866 660 2918 tenues
683 2860 794 2917 lerrum
816 2859 962 2918 deducere
985 2859 1118 2918 chordas.

316 2947 378 3007 Nec
401 2947 496 3007 minor
517 2947 569 3007 ille
591 2948 679 3022 labor,
703 2967 760 3025 quo
784 2953 881 3008 cetera
903 2950 997 3007 ferrea
1020 2947 1133 3006 cudunt

316 3036 517 3096 Instrumenta
539 3037 586 3096 vel
608 3056 756 3096 armorum
779 3037 836 3096 vel·
849 3037 929 3113 paois
951 3036 1071 3110 amicae,

316 3123 444 3199 Loricas,
468 3144 576 3199 ocreas,
600 3127 707 3202 galeas,
730 3127 864 3186 thoracas
887 3132 917 3184 et
939 3143 1026 3184 enses

247 3227 298 3267 1215
317 3212 456 3291 Quaeque
478 3215 535 3276 alia
557 3233 705 3274 armorum
728 3221 835 3274 norunt
857 3233 966 3290 genera
988 3233 1069 3273 arma
1091 3213 1185 3290 periti.

247 3314 299 3367 thia]
324 3301 432 3379 Sponte
455 3321 490 3362 ea
512 3309 672 3380 praetereo,
696 3321 771 3380 quae
794 3310 864 3363 sunt
886 3303 1018 3378 vulgaria
1041 3319 1173 3380 quaeque

317 3391 383 3451 Non
407 3392 503 3452 solum
524 3391 613 3468 rigidi
635 3393 708 3460 fient
730 3392 767 3451 de
790 3393 893 3452 robore
916 3392 1001 3468 ferri;

318 3480 540 3540 verumetiam
564 3481 658 3541 varios
682 3498 722 3541 ex
743 3499 811 3540 aere
834 3486 973 3558 parantur
994 3481 1026 3540 in
1049 3497 1135 3540 usus:
1203 3477 1205 3482 ’

318 3570 378 3630 Seu
400 3575 450 3628 tua
474 3570 558 3645 signa
580 3570 661 3630 voles
685 3588 739 3628 000
762 3588 831 3630 vasa
854 3569 1012 3642 Corinthia,
1036 3587 1179 3646 nusquam
