2770 4274
235 1121 288 1176 [ua]
311 1107 500 1170 Inlustris
524 1108 742 1171 academiae
768 1107 1043 1190 Friburgensis

398 1216 717 1298 gymnasiarchae
742 1215 963 1296 ceterisque

383 1321 631 1385 senatoribus
659 1323 977 1404 prudentissimis

443 1427 648 1510 Philippus
672 1428 916 1510 Eugentinus

632 1533 662 1598 S.
682 1534 720 1598 D.

288 1680 397 1740 Nescio
419 1699 476 1757 quo
490 1682 549 1740 lato
563 1681 685 1755 accidat,
708 1681 764 1740 viri
778 1682 888 1758 optimi,
912 1688 945 1741 ut
959 1682 1137 1758 simulatque

222 1775 356 1846 poemata
378 1789 445 1828 mea
467 1771 498 1828 in
520 1770 618 1829 lucem
642 1770 759 1846 prodire
782 1772 913 1847 cupiunt,
940 1777 991 1829 aut
1019 1771 1137 1829 sinistro

223 1858 321 1918 sidere
339 1859 397 1918 iam
416 1860 545 1936 perfecta
560 1860 744 1935 excipiantur
765 1865 824 1933 aut,
844 1860 922 1936 quod
936 1859 1031 1934 magis
1045 1860 1137 1932 dolce,

224 1949 278 2006 sub
310 1947 416 2006 incude
447 1948 559 2007 librarii
588 1948 760 2024 turpissime
790 1948 947 2024 depravata
973 1949 1004 2006 in
1032 1967 1137 2007 manus

179 2048 206 2089 ro
224 2037 375 2095 hominum
391 2037 516 2096 veniant.
551 2035 680 2110 Quorum
703 2037 827 2096 alterum
850 2037 949 2112 priore
973 2055 1048 2095 anno
1071 2056 1137 2113 per-

223 2126 438 2202 quamegregic
448 2126 535 2185 sensi.
555 2126 629 2185 Cum
638 2126 715 2184 enim
729 2125 949 2202 epithalamium
959 2126 1099 2184 lusissem
1107 2127 1137 2183 in

223 2213 304 2273 mille
319 2220 349 2273 et
358 2215 587 2292 quadringentos
597 2233 701 2273 versus
711 2214 852 2273 diffusum
865 2214 955 2291 idque
969 2215 1137 2290 nuptiarum

223 2302 340 2362 illarum
362 2305 483 2377 auctori,
507 2304 643 2380 principi,
667 2321 719 2379 spe
742 2303 886 2363 uberioris
908 2304 1031 2381 praemii
1056 2304 1137 2362 obtu-

223 2392 339 2466 lissem,
370 2410 428 2451 non
454 2399 552 2452 tamen
576 2393 639 2451 sine
667 2393 804 2451 maximis
827 2393 966 2469 expensis
991 2395 1138 2470 (equester

180 2494 205 2534 15
223 2481 302 2540 enim
334 2482 398 2541 eius
430 2482 570 2559 principis
606 2482 704 2540 aulam
737 2487 801 2541 tum
833 2483 1023 2558 quaerebam,
1060 2481 1137 2558 quod

223 2576 362 2648 paternos
376 2571 453 2630 lares
469 2589 549 2630 eram
565 2570 721 2647 petiturus)
744 2571 806 2630 illic
819 2576 879 2629 tarn
892 2570 1003 2646 insigni
1015 2589 1138 2629 munere

224 2659 349 2718 donatus
364 2660 494 2719 abscessi
514 2660 567 2735 (dii
581 2660 657 2732 boni,
672 2679 760 2736 quam
774 2666 843 2718 sunt
856 2660 1006 2736 principes
1019 2658 1138 2736 quidam

224 2749 317 2807 nostri
340 2748 450 2807 saeculi
472 2748 587 2826 amusi),
611 2754 645 2807 ut
660 2749 782 2824 paulum
795 2748 910 2820 aluerit,
934 2749 1006 2825 quin
1020 2768 1138 2826 equum,

224 2843 372 2896 vectorem
402 2855 515 2909 meum,
544 2838 672 2896 vendere
703 2855 838 2912 cogerer:
870 2837 943 2896 adeo
975 2856 1039 2896 raro
1070 2844 1139 2896 sunt

179 2937 206 2980 ao
224 2927 338 3002 equites
361 2930 472 3002 poetae,
496 2931 529 2984 ut
550 2926 637 2985 etiam
661 2926 815 2984 comitibus
838 2926 932 2984 Musis
956 2932 986 2985 et
1003 2926 1138 3002 Apolline

224 3033 346 3074 munera
369 3014 421 3073 diu
443 3020 510 3074 aute
533 3015 628 3074 oblata
650 3015 778 3074 retinere
795 3021 949 3091 nequeant.
987 3014 1139 3074 Succurrit

224 3109 294 3163 tunc
326 3103 399 3162 mihi
428 3122 486 3163 non
519 3104 645 3162 multum
676 3104 838 3162 liberaliter
865 3109 988 3162 tractato
1015 3104 1138 3162 Martius

224 3211 322 3267 meus,
355 3212 445 3269 quem
473 3194 549 3252 forte
579 3194 694 3252 lortuna
722 3193 837 3252 itineris
867 3192 1003 3251 comitem
1031 3193 1137 3251 inveni.

224 3280 320 3354 Quare
344 3283 431 3340 etiam
455 3288 519 3340 tum
546 3282 620 3340 mihi
642 3281 706 3358 ipse
729 3283 888 3354 irascebar,
919 3281 997 3358 qnod
1024 3286 1138 3340 tantrnn

179 3383 206 3424 aa
224 3388 330 3447 operae
352 3371 383 3430 in
406 3389 469 3429 rem
492 3371 615 3447 perinde
638 3390 697 3430 non
718 3371 899 3430 fructuosam
919 3370 1138 3447 impendissem.

224 3459 317 3518 Porro
344 3460 371 3518 si
402 3477 502 3518 meum
531 3460 625 3536 ipsius
656 3460 811 3518 consilium
840 3465 960 3519 secutus
987 3478 1004 3518 e
1027 3459 1139 3536 campis

225 3547 410 3621 Thessalicis,
420 3548 472 3607 ubi
481 3567 533 3624 pro
543 3549 697 3608 concordia
707 3568 775 3607 cum
783 3548 937 3608 Centauris
946 3549 1138 3621 laborabatur,
