2770 4274
498 395 637 450 rosanus,
660 394 837 436 uonmnnan.

233 571 305 645 Quis
329 573 392 632 sine
415 590 469 631 neo
492 573 555 632 fieri
579 573 686 632 Caesar
708 589 762 630 nee
783 589 872 630 verus
895 572 996 632 haberi

234 662 388 737 Augustus
411 661 526 738 poterit7
550 661 574 720 si
598 677 656 720 non
678 659 806 736 insignia
828 665 926 720 sumat

233 749 310 810 Hine
333 768 394 809 sua.
434 749 594 809 Caesareae
617 767 744 826 namque
766 755 814 808 est
835 749 885 808 hie
906 749 959 809 illa
980 767 1102 809 eoronae

234 838 341 913 Gloria,
365 857 423 916 qua
445 839 529 914 regni
552 844 666 898 oonstat
688 839 735 897 ius
757 844 846 915 atque
868 844 1000 914 potestas

173 941 218 982 995
234 927 364 987 Maxima
386 927 523 1002 Romani;
547 945 673 1004 namque
695 928 752 986 boo
774 945 853 986 nuno
875 945 955 987 more
980 928 1147 1004 loquuntur.

234 1017 314 1076 Haeo
336 1017 473 1093 quotiens
495 1017 583 1075 alieni
606 1017 737 1076 defertur
760 1021 840 1074 tantu
862 1021 1001 1092 potestas,

234 1105 311 1164 Hine
333 1106 450 1182 petitur,
473 1105 570 1164 delata
592 1106 651 1164 hue
673 1105 842 1164 condicione
864 1107 999 1164 refertur.

235 1192 382 1268 (ideone,
406 1213 423 1252 o
445 1194 527 1253 urbis
550 1194 747 1270 pulcherrima
769 1194 862 1269 gloria
884 1201 1009 1267 nostrae,

235 1282 315 1356 Quae
339 1283 400 1342 sola
423 1283 499 1341 hanc
521 1283 636 1356 meruit,
660 1301 734 1359 quae
757 1281 830 1341 nulli
853 1283 976 1358 contigit
998 1283 1071 1356 urbi,

176 1385 220 1427 oro
235 1371 334 1431 Gloria
356 1372 509 1448 perpetuis
532 1389 591 1430 non
612 1372 763 1430 interitura
785 1371 901 1430 diebus!

289 1602 564 1662 Xenodoobeum
587 1603 629 1661 ad
652 1603 772 1662 divum
795 1603 1051 1664 Sebastianum.

235 1729 332 1804 Atque
355 1733 388 1786 ut
411 1733 591 1803 praeteream
615 1728 672 1787 duo
695 1728 885 1787 xenodochea
910 1746 966 1787 neo
988 1745 1105 1786 omnem

236 1815 394 1890 Materiam,
418 1835 621 1893 quaeomnque
644 1818 729 1876 offert
752 1835 783 1876 se
807 1823 917 1893 sponte,
940 1815 1055 1892 loquaci

236 1905 372 1964 Carmine
395 1911 556 1979 consecter,
580 1911 658 1964 certe
681 1906 759 1984 quod
782 1907 910 1965 carmine
933 1906 1055 1981 dignum

182 2005 257 2059 [filiis]
275 1993 483 2053 Xenodochion
506 2000 568 2054 erat
590 1994 676 2070 longe
699 1996 755 2054 hoe
777 1995 898 2054 meliore
921 2011 1061 2052 canemus

180 2096 222 2136 975
235 2082 365 2142 Planioie
388 2083 513 2142 distante
537 2083 625 2141 situm
649 2085 704 2143 sub
727 2084 878 2144 moenibus
901 2083 983 2143 urbis

235 2171 318 2231 Mille
340 2173 403 2230 lere
426 2189 531 2248 passus
553 2173 795 2247 praeterlabentia
816 2173 854 2231 ad
877 2190 994 2231 amnem

236 2259 369 2336 Pegnesi,
393 2279 508 2319 sacrum
531 2261 607 2332 divo,
631 2279 720 2338 quem
742 2263 801 2320 tela
823 2261 940 2336 tyranni

230 2348 405 2408 Conieeisse
427 2351 526 2408 tenant
548 2368 688 2425 magnum
712 2350 878 2426 spernentis
899 2350 1008 2409 Iesum.

237 2437 392 2513 Templum
415 2438 464 2496 hie
486 2437 636 2514 exiguum,
660 2439 713 2498 sed
735 2439 848 2498 cultum
866 2446 897 2498 et
914 2438 1041 2515 denique
1059 2437 1152 2496 multa

181 2538 223 2580 eso
236 2526 387 2602 Religione
411 2544 536 2600 sacrum,
559 2527 642 2586 iuxta
664 2528 769 2587 domus
791 2528 913 2586 aedibus
935 2527 1041 2603 amplis

237 2614 379 2688 Quattuor
401 2616 431 2674 in
454 2622 552 2692 partes
575 2616 676 2689 divisa,
699 2635 754 2676 neo
777 2617 886 2675 ordinis
909 2617 1003 2674 ullum

237 2704 447 2763 Commodioris
470 2723 545 2781 opus
568 2723 743 2782 quemquam
767 2705 878 2764 vidisse
902 2705 1043 2782 putauim:

237 2791 309 2852 Tam
332 2800 402 2852 srmt
423 2793 584 2870 porticibus
606 2799 735 2853 astructa
757 2793 865 2854 cubilia
886 2794 982 2869 longis

238 2880 346 2941 Ordine
368 2890 511 2958 perpetuo
534 2883 590 2942 sibi
612 2883 825 2959 respondentia,
849 2888 991 2960 quantum

182 2982 223 3024 eso
238 2969 380 3043 Quattuor
401 2971 432 3028 in
456 2971 583 3047 spatium
606 2977 687 3048 patet
708 2990 776 3031 area
797 2972 856 3032 lata
878 2971 1039 3030 domorum.

238 3059 343 3119 'Pomm
367 3078 441 3136 opus
463 3060 578 3138 aequali
602 3060 701 3136 speeie
723 3066 806 3137 parte
828 3059 926 3120 exstat
948 3061 984 3119 ab
1008 3061 1086 3119 omni

238 3147 385 3221 Quadrato
409 3155 592 3208 exstructum
615 3168 694 3223 saxo,
716 3149 799 3209 loeus
821 3155 884 3209 arte
907 3149 1024 3226 situque

237 3237 365 3296 Pulcher
388 3245 419 3297 et
440 3238 567 3297 eximius
590 3257 644 3298 nee
667 3257 724 3315 quo
748 3239 787 3298 sit
809 3238 956 3297 amoenior
978 3237 1061 3296 alter.

237 3325 313 3399 Huc,
336 3344 403 3384 oum
428 3327 520 3388 saevit
542 3332 627 3387 atrox
651 3328 768 3387 inimico
792 3328 886 3402 sidere
909 3327 1000 3404 pestis

184 3405 225 3468 999
240 3414 405 3492 Crebraque
428 3415 539 3490 vulgati
562 3416 738 3492 populerunt
760 3435 882 3493 corpora
904 3415 1005 3489 morbi,

238 3503 343 3562 Infeoti
365 3504 416 3563 lue
437 3505 577 3581 pestifera
599 3505 736 3582 tristique
758 3523 869 3565 veneno
976 3559 977 3564 ,

238 3591 403 3667 Ponuntur,
425 3611 463 3652 ne
486 3593 550 3651 dira
572 3593 637 3652 lues
659 3594 817 3654 conlectior
839 3594 942 3652 urbem
