<?xml version="1.0" encoding="UTF-8"?>
<!DOCTYPE html PUBLIC "-//W3C//DTD XHTML 1.0 Transitional//EN"
    "http://www.w3.org/TR/xhtml1/DTD/xhtml1-transitional.dtd">
<html xmlns="http://www.w3.org/1999/xhtml" xml:lang="en" lang="en">
 <head>
  <title>
</title>
<meta http-equiv="Content-Type" content="text/html;charset=utf-8" />
  <meta name='ocr-system' content='tesseract 3.04.00' />
  <meta name='ocr-capabilities' content='ocr_page ocr_carea ocr_par ocr_line ocrx_word'/>
</head>
<body>
  <div class='ocr_page' id='page_1' title='image "./helivseobanvshe00neffgoog_0099.png"; bbox 0 0 2770 4274; ppageno 0'>
   <div class='ocr_carea' id='block_1_1' title="bbox 227 347 874 422">
    <p class='ocr_par' dir='ltr' id='par_1_1' title="bbox 227 347 874 422">
     <span class='ocr_line' id='line_1_1' title="bbox 227 347 874 422; baseline 0.006 -18"><span class='ocrx_word' id='word_1_1' title='bbox 227 347 269 404; x_wconf 78' lang='lat'>40</span> <span class='ocrx_word' id='word_1_2' title='bbox 536 365 677 422; x_wconf 77' lang='lat' dir='ltr'>nonanus,</span> <span class='ocrx_word' id='word_1_3' title='bbox 699 367 874 408; x_wconf 65' lang='lat' dir='ltr'>iomannes.</span> 
     </span>
    </p>
   </div>
   <div class='ocr_carea' id='block_1_2' title="bbox 210 541 1197 3019">
    <p class='ocr_par' dir='ltr' id='par_1_2' title="bbox 210 541 1197 3019">
     <span class='ocr_line' id='line_1_2' title="bbox 279 541 1116 616; baseline 0.006 -17"><span class='ocrx_word' id='word_1_4' title='bbox 279 541 444 601; x_wconf 87' lang='lat' dir='ltr'><strong>Dummodo</strong></span> <span class='ocrx_word' id='word_1_5' title='bbox 466 561 516 602; x_wconf 87' lang='lat' dir='ltr'>res</span> <span class='ocrx_word' id='word_1_6' title='bbox 538 548 665 616; x_wconf 77' lang='lat' dir='ltr'>constet3</span> <span class='ocrx_word' id='word_1_7' title='bbox 688 544 773 604; x_wconf 91' lang='lat' dir='ltr'>nobis</span> <span class='ocrx_word' id='word_1_8' title='bbox 795 563 874 604; x_wconf 88' lang='lat' dir='ltr'>nunc</span> <span class='ocrx_word' id='word_1_9' title='bbox 896 545 1116 605; x_wconf 85' lang='lat' dir='ltr'>xenodocheum</span> 
     </span>
     <span class='ocr_line' id='line_1_3' title="bbox 225 630 942 711; baseline 0.014 -28"><span class='ocrx_word' id='word_1_10' title='bbox 225 643 265 684; x_wconf 82' lang='lat' dir='ltr'>oso</span> <span class='ocrx_word' id='word_1_11' title='bbox 280 630 399 703; x_wconf 77' lang='lat' dir='ltr'>Adrisit,</span> <span class='ocrx_word' id='word_1_12' title='bbox 423 631 569 708; x_wconf 89' lang='lat' dir='ltr'>siquidem</span> <span class='ocrx_word' id='word_1_13' title='bbox 592 650 678 692; x_wconf 83' lang='lat' dir='ltr'>versu</span> <span class='ocrx_word' id='word_1_14' title='bbox 701 633 814 692; x_wconf 87' lang='lat' dir='ltr'>riderer</span> <span class='ocrx_word' id='word_1_15' title='bbox 835 634 942 711; x_wconf 91' lang='lat' dir='ltr'>inepto,</span> 
     </span>
     <span class='ocr_line' id='line_1_4' title="bbox 280 719 994 797; baseline 0.004 -18"><span class='ocrx_word' id='word_1_16' title='bbox 280 719 312 779; x_wconf 90' lang='lat' dir='ltr'>Si</span> <span class='ocrx_word' id='word_1_17' title='bbox 334 721 521 779; x_wconf 88' lang='lat' dir='ltr'>nosocomion</span> <span class='ocrx_word' id='word_1_18' title='bbox 544 721 686 780; x_wconf 83' lang='lat' dir='ltr'>dixissem</span> <span class='ocrx_word' id='word_1_19' title='bbox 709 728 761 780; x_wconf 90' lang='lat' dir='ltr'>aut</span> <span class='ocrx_word' id='word_1_20' title='bbox 783 723 994 797; x_wconf 77' lang='lat' dir='ltr'>nosocomeion,</span> 
     </span>
     <span class='ocr_line' id='line_1_5' title="bbox 279 808 1063 871; baseline 0.006 -5"><span class='ocrx_word' id='word_1_21' title='bbox 279 808 318 867; x_wconf 85' lang='lat' dir='ltr'>Et</span> <span class='ocrx_word' id='word_1_22' title='bbox 339 809 432 868; x_wconf 78' lang='lat' dir='ltr'>ferme</span> <span class='ocrx_word' id='word_1_23' title='bbox 454 809 501 868; x_wconf 91' lang='lat' dir='ltr'>his</span> <span class='ocrx_word' id='word_1_24' title='bbox 523 809 632 869; x_wconf 87' lang='lat' dir='ltr'>desunt</span> <span class='ocrx_word' id='word_1_25' title='bbox 653 810 784 870; x_wconf 88' lang='lat' dir='ltr'>Romana</span> <span class='ocrx_word' id='word_1_26' title='bbox 806 812 946 870; x_wconf 86' lang='lat' dir='ltr'>voeabula</span> <span class='ocrx_word' id='word_1_27' title='bbox 968 813 1063 871; x_wconf 84' lang='lat' dir='ltr'>rebus.</span> 
     </span>
     <span class='ocr_line' id='line_1_6' title="bbox 279 896 1033 975; baseline 0.005 -19"><span class='ocrx_word' id='word_1_28' title='bbox 279 896 335 956; x_wconf 86' lang='lat' dir='ltr'>Illa</span> <span class='ocrx_word' id='word_1_29' title='bbox 356 897 448 972; x_wconf 80' lang='lat' dir='ltr'>igitur</span> <span class='ocrx_word' id='word_1_30' title='bbox 469 899 574 957; x_wconf 88' lang='lat' dir='ltr'>domus</span> <span class='ocrx_word' id='word_1_31' title='bbox 596 899 627 957; x_wconf 91' lang='lat' dir='ltr'>in</span> <span class='ocrx_word' id='word_1_32' title='bbox 649 899 714 975; x_wconf 87' lang='lat' dir='ltr'>ripa</span> <span class='ocrx_word' id='word_1_33' title='bbox 735 900 915 975; x_wconf 78' lang='lat' dir='ltr'>Pegnesidos</span> <span class='ocrx_word' id='word_1_34' title='bbox 938 901 1033 960; x_wconf 87' lang='lat' dir='ltr'>undae</span> 
     </span>
     <span class='ocr_line' id='line_1_7' title="bbox 280 986 1126 1066; baseline 0.006 -22"><span class='ocrx_word' id='word_1_35' title='bbox 280 986 359 1045; x_wconf 85' lang='lat' dir='ltr'><strong>Vrbe</strong></span> <span class='ocrx_word' id='word_1_36' title='bbox 382 986 438 1046; x_wconf 83' lang='lat' dir='ltr'>sita</span> <span class='ocrx_word' id='word_1_37' title='bbox 461 991 507 1046; x_wconf 87' lang='lat' dir='ltr'>est</span> <span class='ocrx_word' id='word_1_38' title='bbox 529 987 633 1062; x_wconf 88' lang='lat' dir='ltr'>media,</span> <span class='ocrx_word' id='word_1_39' title='bbox 656 989 755 1064; x_wconf 86' lang='lat' dir='ltr'>specie</span> <span class='ocrx_word' id='word_1_40' title='bbox 777 989 981 1064; x_wconf 75' lang='lat' dir='ltr'>pulcherrima,</span> <span class='ocrx_word' id='word_1_41' title='bbox 1005 996 1126 1066; x_wconf 88' lang='lat' dir='ltr'>sumptu</span> 
     </span>
     <span class='ocr_line' id='line_1_8' title="bbox 225 1075 1194 1154; baseline 0.007 -25"><span class='ocrx_word' id='word_1_42' title='bbox 225 1088 265 1129; x_wconf 79' lang='lat'>935</span> <span class='ocrx_word' id='word_1_43' title='bbox 280 1075 450 1152; x_wconf 82' lang='lat' dir='ltr'>Splendida,</span> <span class='ocrx_word' id='word_1_44' title='bbox 474 1081 621 1136; x_wconf 83' lang='lat' dir='ltr'><strong>structura</strong></span> <span class='ocrx_word' id='word_1_45' title='bbox 641 1077 779 1152; x_wconf 87' lang='lat' dir='ltr'>insignis,</span> <span class='ocrx_word' id='word_1_46' title='bbox 801 1096 859 1154; x_wconf 93' lang='lat' dir='ltr'>quo</span> <span class='ocrx_word' id='word_1_47' title='bbox 882 1079 998 1138; x_wconf 91' lang='lat' dir='ltr'>nomine</span> <span class='ocrx_word' id='word_1_48' title='bbox 1020 1097 1194 1154; x_wconf 81' lang='lat' dir='ltr'>magnorum</span> 
     </span>
     <span class='ocr_line' id='line_1_9' title="bbox 280 1164 1155 1243; baseline 0.005 -21"><span class='ocrx_word' id='word_1_49' title='bbox 280 1164 405 1223; x_wconf 90' lang='lat' dir='ltr'>Arcibus</span> <span class='ocrx_word' id='word_1_50' title='bbox 427 1165 643 1242; x_wconf 87' lang='lat' dir='ltr'>aequiparanda</span> <span class='ocrx_word' id='word_1_51' title='bbox 665 1166 783 1240; x_wconf 88' lang='lat' dir='ltr'>ducmn,</span> <span class='ocrx_word' id='word_1_52' title='bbox 806 1184 873 1225; x_wconf 90' lang='lat' dir='ltr'>nam</span> <span class='ocrx_word' id='word_1_53' title='bbox 896 1185 1002 1243; x_wconf 85' lang='lat' dir='ltr'>magna</span> <span class='ocrx_word' id='word_1_54' title='bbox 1024 1173 1155 1226; x_wconf 83' lang='lat' dir='ltr'>vetustae</span> 
     </span>
     <span class='ocr_line' id='line_1_10' title="bbox 280 1253 1054 1332; baseline 0.006 -22"><span class='ocrx_word' id='word_1_55' title='bbox 280 1253 414 1312; x_wconf 83' lang='lat' dir='ltr'>Accessit</span> <span class='ocrx_word' id='word_1_56' title='bbox 436 1254 537 1312; x_wconf 92' lang='lat' dir='ltr'>domui</span> <span class='ocrx_word' id='word_1_57' title='bbox 558 1272 627 1330; x_wconf 80' lang='lat' dir='ltr'>pars</span> <span class='ocrx_word' id='word_1_58' title='bbox 650 1273 751 1331; x_wconf 80' lang='lat' dir='ltr'>nuper,</span> <span class='ocrx_word' id='word_1_59' title='bbox 774 1262 808 1314; x_wconf 85' lang='lat' dir='ltr'>ut</span> <span class='ocrx_word' id='word_1_60' title='bbox 829 1256 954 1332; x_wconf 88' lang='lat' dir='ltr'>amplior</span> <span class='ocrx_word' id='word_1_61' title='bbox 975 1262 1054 1315; x_wconf 89' lang='lat' dir='ltr'>esset</span> 
     </span>
     <span class='ocr_line' id='line_1_11' title="bbox 279 1343 1178 1420; baseline 0.006 -21"><span class='ocrx_word' id='word_1_62' title='bbox 279 1343 377 1419; x_wconf 82' lang='lat' dir='ltr'>Atque</span> <span class='ocrx_word' id='word_1_63' title='bbox 400 1360 492 1418; x_wconf 86' lang='lat' dir='ltr'>capax</span> <span class='ocrx_word' id='word_1_64' title='bbox 515 1343 666 1402; x_wconf 92' lang='lat' dir='ltr'>hominum</span> <span class='ocrx_word' id='word_1_65' title='bbox 688 1343 790 1420; x_wconf 81' lang='lat' dir='ltr'>magis,</span> <span class='ocrx_word' id='word_1_66' title='bbox 814 1351 847 1403; x_wconf 89' lang='lat' dir='ltr'>ut</span> <span class='ocrx_word' id='word_1_67' title='bbox 869 1345 1068 1404; x_wconf 77' lang='lat' dir='ltr'>crescentibus</span> <span class='ocrx_word' id='word_1_68' title='bbox 1090 1346 1178 1405; x_wconf 86' lang='lat' dir='ltr'>annis</span> 
     </span>
     <span class='ocr_line' id='line_1_12' title="bbox 280 1430 1003 1510; baseline 0.006 -21"><span class='ocrx_word' id='word_1_69' title='bbox 280 1430 393 1490; x_wconf 83' lang='lat' dir='ltr'>Crescit</span> <span class='ocrx_word' id='word_1_70' title='bbox 414 1436 444 1489; x_wconf 94' lang='lat' dir='ltr'>et</span> <span class='ocrx_word' id='word_1_71' title='bbox 466 1432 593 1491; x_wconf 84' lang='lat' dir='ltr'>urbanae</span> <span class='ocrx_word' id='word_1_72' title='bbox 616 1432 708 1491; x_wconf 87' lang='lat' dir='ltr'>maior</span> <span class='ocrx_word' id='word_1_73' title='bbox 730 1433 764 1491; x_wconf 92' lang='lat' dir='ltr'>fit</span> <span class='ocrx_word' id='word_1_74' title='bbox 786 1433 869 1510; x_wconf 87' lang='lat' dir='ltr'>copia</span> <span class='ocrx_word' id='word_1_75' title='bbox 892 1435 1003 1493; x_wconf 85' lang='lat' dir='ltr'>turbae.</span> 
     </span>
     <span class='ocr_line' id='line_1_13' title="bbox 226 1518 1057 1598; baseline 0.011 -26"><span class='ocrx_word' id='word_1_76' title='bbox 226 1532 265 1573; x_wconf 75' lang='lat' dir='ltr'>oro</span> <span class='ocrx_word' id='word_1_77' title='bbox 279 1521 377 1596; x_wconf 86' lang='lat' dir='ltr'>Atque</span> <span class='ocrx_word' id='word_1_78' title='bbox 399 1518 464 1578; x_wconf 89' lang='lat' dir='ltr'>ideo</span> <span class='ocrx_word' id='word_1_79' title='bbox 486 1520 587 1595; x_wconf 89' lang='lat' dir='ltr'>plures</span> <span class='ocrx_word' id='word_1_80' title='bbox 609 1521 705 1594; x_wconf 82' lang='lat' dir='ltr'>etiam,</span> <span class='ocrx_word' id='word_1_81' title='bbox 728 1539 803 1598; x_wconf 89' lang='lat' dir='ltr'>quos</span> <span class='ocrx_word' id='word_1_82' title='bbox 825 1522 918 1582; x_wconf 87' lang='lat' dir='ltr'>tristis</span> <span class='ocrx_word' id='word_1_83' title='bbox 941 1528 1057 1598; x_wconf 82' lang='lat' dir='ltr'>egestas</span> 
     </span>
     <span class='ocr_line' id='line_1_14' title="bbox 280 1606 1032 1688; baseline 0.005 -22"><span class='ocrx_word' id='word_1_84' title='bbox 280 1606 427 1688; x_wconf 88' lang='lat' dir='ltr'>Opprimit</span> <span class='ocrx_word' id='word_1_85' title='bbox 448 1615 499 1667; x_wconf 86' lang='lat' dir='ltr'>aut</span> <span class='ocrx_word' id='word_1_86' title='bbox 521 1610 621 1669; x_wconf 91' lang='lat' dir='ltr'>morbo</span> <span class='ocrx_word' id='word_1_87' title='bbox 643 1610 776 1686; x_wconf 84' lang='lat' dir='ltr'>populati</span> <span class='ocrx_word' id='word_1_88' title='bbox 799 1612 928 1687; x_wconf 87' lang='lat' dir='ltr'>corporis</span> <span class='ocrx_word' id='word_1_89' title='bbox 950 1617 1032 1670; x_wconf 87' lang='lat' dir='ltr'>artus</span> 
     </span>
     <span class='ocr_line' id='line_1_15' title="bbox 279 1697 1110 1775; baseline 0.005 -20"><span class='ocrx_word' id='word_1_90' title='bbox 279 1697 458 1770; x_wconf 87' lang='lat' dir='ltr'>Destituunt,</span> <span class='ocrx_word' id='word_1_91' title='bbox 481 1715 536 1756; x_wconf 85' lang='lat' dir='ltr'>nee</span> <span class='ocrx_word' id='word_1_92' title='bbox 558 1715 627 1756; x_wconf 87' lang='lat' dir='ltr'>cura</span> <span class='ocrx_word' id='word_1_93' title='bbox 650 1698 729 1757; x_wconf 89' lang='lat' dir='ltr'>domi</span> <span class='ocrx_word' id='word_1_94' title='bbox 751 1699 829 1775; x_wconf 87' lang='lat' dir='ltr'>potis</span> <span class='ocrx_word' id='word_1_95' title='bbox 851 1699 912 1758; x_wconf 89' lang='lat' dir='ltr'>ulla</span> <span class='ocrx_word' id='word_1_96' title='bbox 933 1700 1033 1760; x_wconf 86' lang='lat' dir='ltr'>levare</span> <span class='ocrx_word' id='word_1_97' title='bbox 1056 1707 1110 1772; x_wconf 89' lang='lat' dir='ltr'>est,</span> 
     </span>
     <span class='ocr_line' id='line_1_16' title="bbox 280 1785 1121 1864; baseline 0.006 -21"><span class='ocrx_word' id='word_1_98' title='bbox 280 1785 356 1859; x_wconf 81' lang='lat' dir='ltr'>Quin</span> <span class='ocrx_word' id='word_1_99' title='bbox 379 1793 500 1862; x_wconf 88' lang='lat' dir='ltr'>pereant</span> <span class='ocrx_word' id='word_1_100' title='bbox 522 1786 683 1864; x_wconf 80' lang='lat' dir='ltr'>dulcesque</span> <span class='ocrx_word' id='word_1_101' title='bbox 705 1788 871 1864; x_wconf 85' lang='lat' dir='ltr'>relinquant</span> <span class='ocrx_word' id='word_1_102' title='bbox 892 1788 1013 1848; x_wconf 89' lang='lat' dir='ltr'>luminis</span> <span class='ocrx_word' id='word_1_103' title='bbox 1035 1808 1121 1848; x_wconf 85' lang='lat' dir='ltr'>auras</span> 
     </span>
     <span class='ocr_line' id='line_1_17' title="bbox 279 1875 962 1951; baseline 0.004 -18"><span class='ocrx_word' id='word_1_104' title='bbox 279 1875 378 1934; x_wconf 88' lang='lat' dir='ltr'>Rebus</span> <span class='ocrx_word' id='word_1_105' title='bbox 400 1875 432 1933; x_wconf 92' lang='lat' dir='ltr'>id</span> <span class='ocrx_word' id='word_1_106' title='bbox 454 1875 588 1950; x_wconf 86' lang='lat' dir='ltr'>angustis</span> <span class='ocrx_word' id='word_1_107' title='bbox 611 1883 641 1934; x_wconf 89' lang='lat' dir='ltr'>et</span> <span class='ocrx_word' id='word_1_108' title='bbox 662 1876 737 1935; x_wconf 88' lang='lat' dir='ltr'>dura</span> <span class='ocrx_word' id='word_1_109' title='bbox 759 1882 839 1936; x_wconf 87' lang='lat' dir='ltr'>sorte</span> <span class='ocrx_word' id='word_1_110' title='bbox 862 1878 962 1951; x_wconf 85' lang='lat' dir='ltr'>coacti,</span> 
     </span>
     <span class='ocr_line' id='line_1_18' title="bbox 210 1957 979 2040; baseline 0.009 -22"><span class='ocrx_word' id='word_1_111' title='bbox 210 1957 265 2018; x_wconf 71' lang='lat' dir='ltr'>&#39;mo</span> <span class='ocrx_word' id='word_1_112' title='bbox 279 1963 318 2022; x_wconf 92' lang='lat' dir='ltr'>Ni</span> <span class='ocrx_word' id='word_1_113' title='bbox 341 1963 399 2023; x_wconf 90' lang='lat' dir='ltr'>oito</span> <span class='ocrx_word' id='word_1_114' title='bbox 422 1964 568 2039; x_wconf 81' lang='lat' dir='ltr'>magnifici</span> <span class='ocrx_word' id='word_1_115' title='bbox 591 1964 684 2040; x_wconf 79' lang='lat' dir='ltr'>pietas</span> <span class='ocrx_word' id='word_1_116' title='bbox 706 1965 838 2024; x_wconf 87' lang='lat' dir='ltr'>animosa</span> <span class='ocrx_word' id='word_1_117' title='bbox 861 1972 979 2025; x_wconf 86' lang='lat' dir='ltr'>senatus</span> 
     </span>
     <span class='ocr_line' id='line_1_19' title="bbox 280 2053 1102 2131; baseline 0.001 -18"><span class='ocrx_word' id='word_1_118' title='bbox 280 2053 426 2129; x_wconf 85' lang='lat' dir='ltr'>Suscipiat</span> <span class='ocrx_word' id='word_1_119' title='bbox 448 2071 607 2131; x_wconf 85' lang='lat' dir='ltr'>curamque</span> <span class='ocrx_word' id='word_1_120' title='bbox 627 2053 693 2113; x_wconf 86' lang='lat' dir='ltr'>aliis</span> <span class='ocrx_word' id='word_1_121' title='bbox 716 2072 831 2131; x_wconf 86' lang='lat' dir='ltr'>quoque</span> <span class='ocrx_word' id='word_1_122' title='bbox 854 2055 973 2114; x_wconf 86' lang='lat' dir='ltr'>mandet</span> <span class='ocrx_word' id='word_1_123' title='bbox 994 2055 1102 2128; x_wconf 88' lang='lat' dir='ltr'>haberi,</span> 
     </span>
     <span class='ocr_line' id='line_1_20' title="bbox 280 2140 1197 2221; baseline 0.002 -21"><span class='ocrx_word' id='word_1_124' title='bbox 280 2140 335 2214; x_wconf 83' lang='lat' dir='ltr'>Qui</span> <span class='ocrx_word' id='word_1_125' title='bbox 354 2141 454 2200; x_wconf 90' lang='lat' dir='ltr'>domui</span> <span class='ocrx_word' id='word_1_126' title='bbox 471 2148 620 2218; x_wconf 75' lang='lat' dir='ltr'>praesunt,</span> <span class='ocrx_word' id='word_1_127' title='bbox 643 2161 768 2221; x_wconf 89' lang='lat' dir='ltr'>quorum</span> <span class='ocrx_word' id='word_1_128' title='bbox 786 2143 892 2202; x_wconf 92' lang='lat' dir='ltr'>domus</span> <span class='ocrx_word' id='word_1_129' title='bbox 910 2144 1046 2204; x_wconf 91' lang='lat' dir='ltr'>omnibus</span> <span class='ocrx_word' id='word_1_130' title='bbox 1063 2149 1131 2221; x_wconf 84' lang='lat' dir='ltr'>apta</span> <span class='ocrx_word' id='word_1_131' title='bbox 1147 2151 1197 2204; x_wconf 89' lang='lat' dir='ltr'>est</span> 
     </span>
     <span class='ocr_line' id='line_1_21' title="bbox 279 2230 1022 2308; baseline 0.004 -19"><span class='ocrx_word' id='word_1_132' title='bbox 279 2231 341 2290; x_wconf 85' lang='lat' dir='ltr'>Ista</span> <span class='ocrx_word' id='word_1_133' title='bbox 364 2230 524 2290; x_wconf 86' lang='lat' dir='ltr'>ministerio</span> <span class='ocrx_word' id='word_1_134' title='bbox 547 2230 664 2290; x_wconf 87' lang='lat' dir='ltr'>miseris</span> <span class='ocrx_word' id='word_1_135' title='bbox 687 2237 717 2291; x_wconf 92' lang='lat' dir='ltr'>et</span> <span class='ocrx_word' id='word_1_136' title='bbox 739 2233 894 2308; x_wconf 86' lang='lat' dir='ltr'>egentibus</span> <span class='ocrx_word' id='word_1_137' title='bbox 916 2233 1022 2308; x_wconf 78' lang='lat' dir='ltr'>aegris.</span> 
     </span>
     <span class='ocr_line' id='line_1_22' title="bbox 280 2317 1197 2398; baseline 0.002 -20"><span class='ocrx_word' id='word_1_138' title='bbox 280 2319 409 2394; x_wconf 81' lang='lat' dir='ltr'>Quorum</span> <span class='ocrx_word' id='word_1_139' title='bbox 432 2317 538 2394; x_wconf 86' lang='lat' dir='ltr'>ingens</span> <span class='ocrx_word' id='word_1_140' title='bbox 561 2339 710 2393; x_wconf 69' lang='lat' dir='ltr'>numerus</span> <span class='ocrx_word' id='word_1_141' title='bbox 733 2340 808 2398; x_wconf 84' lang='lat' dir='ltr'>quae</span> <span class='ocrx_word' id='word_1_142' title='bbox 827 2339 944 2398; x_wconf 90' lang='lat' dir='ltr'>semper</span> <span class='ocrx_word' id='word_1_143' title='bbox 961 2323 1089 2381; x_wconf 84' lang='lat' dir='ltr'>maxima</span> <span class='ocrx_word' id='word_1_144' title='bbox 1107 2323 1197 2380; x_wconf 85' lang='lat' dir='ltr'>turba</span> 
     </span>
     <span class='ocr_line' id='line_1_23' title="bbox 226 2408 1117 2484; baseline 0.007 -22"><span class='ocrx_word' id='word_1_145' title='bbox 226 2408 452 2484; x_wconf 63' lang='lat' dir='ltr'>consumptibus</span> <span class='ocrx_word' id='word_1_146' title='bbox 474 2409 628 2468; x_wconf 88' lang='lat' dir='ltr'>immensis</span> <span class='ocrx_word' id='word_1_147' title='bbox 650 2410 746 2483; x_wconf 88' lang='lat' dir='ltr'>alitur,</span> <span class='ocrx_word' id='word_1_148' title='bbox 770 2411 822 2470; x_wconf 88' lang='lat' dir='ltr'>sed</span> <span class='ocrx_word' id='word_1_149' title='bbox 845 2417 875 2470; x_wconf 89' lang='lat' dir='ltr'>et</span> <span class='ocrx_word' id='word_1_150' title='bbox 896 2416 959 2469; x_wconf 83' lang='lat' dir='ltr'>arte</span> <span class='ocrx_word' id='word_1_151' title='bbox 983 2411 1117 2470; x_wconf 88' lang='lat' dir='ltr'>medendi</span> 
     </span>
     <span class='ocr_line' id='line_1_24' title="bbox 279 2496 1025 2573; baseline 0.004 -18"><span class='ocrx_word' id='word_1_152' title='bbox 279 2496 434 2556; x_wconf 86' lang='lat' dir='ltr'>Praeditus</span> <span class='ocrx_word' id='word_1_153' title='bbox 456 2498 567 2573; x_wconf 84' lang='lat' dir='ltr'>ingenti</span> <span class='ocrx_word' id='word_1_154' title='bbox 590 2498 764 2557; x_wconf 86' lang='lat' dir='ltr'>conducitur</span> <span class='ocrx_word' id='word_1_155' title='bbox 785 2517 851 2558; x_wconf 89' lang='lat' dir='ltr'>aere</span> <span class='ocrx_word' id='word_1_156' title='bbox 873 2499 1025 2572; x_wconf 82' lang='lat' dir='ltr'>Machaon,</span> 
     </span>
     <span class='ocr_line' id='line_1_25' title="bbox 280 2586 1195 2665; baseline 0.002 -19"><span class='ocrx_word' id='word_1_157' title='bbox 280 2586 337 2660; x_wconf 80' lang='lat' dir='ltr'>Qui</span> <span class='ocrx_word' id='word_1_158' title='bbox 359 2586 439 2645; x_wconf 87' lang='lat' dir='ltr'>levet</span> <span class='ocrx_word' id='word_1_159' title='bbox 461 2586 585 2661; x_wconf 84' lang='lat' dir='ltr'>auxilio,</span> <span class='ocrx_word' id='word_1_160' title='bbox 609 2587 716 2664; x_wconf 88' lang='lat' dir='ltr'>quibus</span> <span class='ocrx_word' id='word_1_161' title='bbox 738 2594 785 2647; x_wconf 88' lang='lat' dir='ltr'>est</span> <span class='ocrx_word' id='word_1_162' title='bbox 807 2605 889 2664; x_wconf 90' lang='lat' dir='ltr'>opus,</span> <span class='ocrx_word' id='word_1_163' title='bbox 912 2594 1001 2665; x_wconf 89' lang='lat' dir='ltr'>atque</span> <span class='ocrx_word' id='word_1_164' title='bbox 1022 2589 1064 2648; x_wconf 86' lang='lat' dir='ltr'>ita</span> <span class='ocrx_word' id='word_1_165' title='bbox 1087 2597 1195 2664; x_wconf 83' lang='lat' dir='ltr'>servet,</span> 
     </span>
     <span class='ocr_line' id='line_1_26' title="bbox 226 2674 1117 2753; baseline 0.009 -25"><span class='ocrx_word' id='word_1_166' title='bbox 226 2687 291 2742; x_wconf 67' lang='lat' dir='ltr'>inno]</span> <span class='ocrx_word' id='word_1_167' title='bbox 322 2674 401 2749; x_wconf 82' lang='lat' dir='ltr'>Quos</span> <span class='ocrx_word' id='word_1_168' title='bbox 423 2675 534 2751; x_wconf 86' lang='lat' dir='ltr'>patitur</span> <span class='ocrx_word' id='word_1_169' title='bbox 556 2693 672 2735; x_wconf 88' lang='lat' dir='ltr'>servare</span> <span class='ocrx_word' id='word_1_170' title='bbox 693 2675 791 2735; x_wconf 86' lang='lat' dir='ltr'>datam</span> <span class='ocrx_word' id='word_1_171' title='bbox 815 2683 917 2736; x_wconf 86' lang='lat' dir='ltr'>natura</span> <span class='ocrx_word' id='word_1_172' title='bbox 940 2694 993 2753; x_wconf 89' lang='lat' dir='ltr'>per</span> <span class='ocrx_word' id='word_1_173' title='bbox 1014 2683 1117 2736; x_wconf 86' lang='lat' dir='ltr'>artem.</span> 
     </span>
     <span class='ocr_line' id='line_1_27' title="bbox 279 2763 1081 2843; baseline 0.004 -21"><span class='ocrx_word' id='word_1_174' title='bbox 279 2765 391 2824; x_wconf 88' lang='lat' dir='ltr'>Vsibus</span> <span class='ocrx_word' id='word_1_175' title='bbox 413 2763 452 2822; x_wconf 93' lang='lat' dir='ltr'>iis</span> <span class='ocrx_word' id='word_1_176' title='bbox 474 2781 614 2840; x_wconf 87' lang='lat' dir='ltr'>praesens</span> <span class='ocrx_word' id='word_1_177' title='bbox 637 2771 671 2824; x_wconf 94' lang='lat' dir='ltr'>ut</span> <span class='ocrx_word' id='word_1_178' title='bbox 693 2765 733 2824; x_wconf 92' lang='lat' dir='ltr'>sit</span> <span class='ocrx_word' id='word_1_179' title='bbox 748 2765 906 2839; x_wconf 88' lang='lat' dir='ltr'>medicina,</span> <span class='ocrx_word' id='word_1_180' title='bbox 930 2767 985 2826; x_wconf 89' lang='lat' dir='ltr'>sub</span> <span class='ocrx_word' id='word_1_181' title='bbox 1007 2766 1081 2843; x_wconf 91' lang='lat' dir='ltr'>ipsis</span> 
     </span>
     <span class='ocr_line' id='line_1_28' title="bbox 226 2852 1096 2930; baseline 0.007 -23"><span class='ocrx_word' id='word_1_182' title='bbox 226 2867 266 2908; x_wconf 76' lang='lat'>955</span> <span class='ocrx_word' id='word_1_183' title='bbox 281 2853 410 2914; x_wconf 83' lang='lat' dir='ltr'>Aedibus</span> <span class='ocrx_word' id='word_1_184' title='bbox 432 2852 579 2912; x_wconf 86' lang='lat' dir='ltr'>adiectum</span> <span class='ocrx_word' id='word_1_185' title='bbox 602 2859 729 2913; x_wconf 88' lang='lat' dir='ltr'>estnon</span> <span class='ocrx_word' id='word_1_186' title='bbox 752 2853 1020 2930; x_wconf 87' lang='lat' dir='ltr'>pharmacopolium</span> <span class='ocrx_word' id='word_1_187' title='bbox 1043 2855 1096 2913; x_wconf 91' lang='lat' dir='ltr'>ulli</span> 
     </span>
     <span class='ocr_line' id='line_1_29' title="bbox 280 2942 1136 3019; baseline 0.001 -18"><span class='ocrx_word' id='word_1_188' title='bbox 280 2942 426 3015; x_wconf 88' lang='lat' dir='ltr'>Deterius,</span> <span class='ocrx_word' id='word_1_189' title='bbox 449 2947 539 3001; x_wconf 86' lang='lat' dir='ltr'>totam</span> <span class='ocrx_word' id='word_1_190' title='bbox 563 2961 639 3019; x_wconf 90' lang='lat' dir='ltr'>quae</span> <span class='ocrx_word' id='word_1_191' title='bbox 662 2949 732 3001; x_wconf 89' lang='lat' dir='ltr'>sunt</span> <span class='ocrx_word' id='word_1_192' title='bbox 754 2959 812 3002; x_wconf 93' lang='lat' dir='ltr'>non</span> <span class='ocrx_word' id='word_1_193' title='bbox 835 2960 929 3019; x_wconf 86' lang='lat' dir='ltr'>pauca</span> <span class='ocrx_word' id='word_1_194' title='bbox 951 2961 1004 3019; x_wconf 88' lang='lat' dir='ltr'>per</span> <span class='ocrx_word' id='word_1_195' title='bbox 1026 2944 1136 3003; x_wconf 88' lang='lat' dir='ltr'>urbem.</span> 
     </span>
    </p>
   </div>
   <div class='ocr_carea' id='block_1_3' title="bbox 396 3172 1025 3250">
    <p class='ocr_par' dir='ltr' id='par_1_3' title="bbox 396 3172 1025 3250">
     <span class='ocr_line' id='line_1_30' title="bbox 396 3172 1025 3250; baseline 0 -18"><span class='ocrx_word' id='word_1_196' title='bbox 396 3172 579 3250; x_wconf 85' lang='lat' dir='ltr'>Templum</span> <span class='ocrx_word' id='word_1_197' title='bbox 602 3173 833 3233; x_wconf 86' lang='lat' dir='ltr'>xenodocheo</span> <span class='ocrx_word' id='word_1_198' title='bbox 855 3173 1025 3233; x_wconf 90' lang='lat' dir='ltr'>iunctum.</span> 
     </span>
    </p>
   </div>
   <div class='ocr_carea' id='block_1_4' title="bbox 225 3297 1197 3640">
    <p class='ocr_par' dir='ltr' id='par_1_4' title="bbox 279 3297 1197 3374">
     <span class='ocr_line' id='line_1_31' title="bbox 279 3297 1197 3374; baseline 0.001 -17"><span class='ocrx_word' id='word_1_199' title='bbox 279 3297 335 3357; x_wconf 91' lang='lat' dir='ltr'>His</span> <span class='ocrx_word' id='word_1_200' title='bbox 357 3297 444 3358; x_wconf 87' lang='lat' dir='ltr'>etiam</span> <span class='ocrx_word' id='word_1_201' title='bbox 466 3297 639 3357; x_wconf 87' lang='lat' dir='ltr'>adiunctum</span> <span class='ocrx_word' id='word_1_202' title='bbox 665 3298 809 3374; x_wconf 85' lang='lat' dir='ltr'>templum</span> <span class='ocrx_word' id='word_1_203' title='bbox 831 3305 917 3357; x_wconf 87' lang='lat' dir='ltr'>vetus</span> <span class='ocrx_word' id='word_1_204' title='bbox 943 3299 1066 3358; x_wconf 92' lang='lat' dir='ltr'>aedibus</span> <span class='ocrx_word' id='word_1_205' title='bbox 1094 3300 1197 3358; x_wconf 85' lang='lat' dir='ltr'>haeret</span> 
     </span>
    </p>

    <p class='ocr_par' dir='ltr' id='par_1_5' title="bbox 279 3386 1090 3462">
     <span class='ocr_line' id='line_1_32' title="bbox 279 3386 1090 3462; baseline 0 -16"><span class='ocrx_word' id='word_1_206' title='bbox 279 3387 345 3446; x_wconf 87' lang='lat' dir='ltr'>Non</span> <span class='ocrx_word' id='word_1_207' title='bbox 367 3392 429 3446; x_wconf 85' lang='lat' dir='ltr'>tam</span> <span class='ocrx_word' id='word_1_208' title='bbox 451 3387 529 3446; x_wconf 93' lang='lat' dir='ltr'>mole</span> <span class='ocrx_word' id='word_1_209' title='bbox 552 3405 605 3445; x_wconf 86' lang='lat' dir='ltr'>sua</span> <span class='ocrx_word' id='word_1_210' title='bbox 627 3393 678 3446; x_wconf 89' lang='lat' dir='ltr'>aut</span> <span class='ocrx_word' id='word_1_211' title='bbox 701 3387 761 3446; x_wconf 86' lang='lat' dir='ltr'>ulla</span> <span class='ocrx_word' id='word_1_212' title='bbox 783 3386 972 3447; x_wconf 87' lang='lat' dir='ltr'>memorabile</span> <span class='ocrx_word' id='word_1_213' title='bbox 994 3405 1090 3462; x_wconf 76' lang='lat' dir='ltr'>eausa,</span> 
     </span>
    </p>

    <p class='ocr_par' dir='ltr' id='par_1_6' title="bbox 225 3473 1156 3640">
     <span class='ocr_line' id='line_1_33' title="bbox 274 3473 1156 3554; baseline 0 -18"><span class='ocrx_word' id='word_1_214' title='bbox 274 3473 374 3549; x_wconf 60' lang='lat' dir='ltr'>&#39;Quam</span> <span class='ocrx_word' id='word_1_215' title='bbox 397 3475 476 3554; x_wconf 92' lang='lat' dir='ltr'>quod</span> <span class='ocrx_word' id='word_1_216' title='bbox 498 3475 648 3554; x_wconf 89' lang='lat' dir='ltr'>reliquias,</span> <span class='ocrx_word' id='word_1_217' title='bbox 671 3493 745 3552; x_wconf 90' lang='lat' dir='ltr'>quas</span> <span class='ocrx_word' id='word_1_218' title='bbox 767 3475 900 3535; x_wconf 84' lang='lat' dir='ltr'>diximus</span> <span class='ocrx_word' id='word_1_219' title='bbox 921 3480 997 3550; x_wconf 86' lang='lat' dir='ltr'>ante,</span> <span class='ocrx_word' id='word_1_220' title='bbox 1020 3482 1156 3553; x_wconf 82' lang='lat' dir='ltr'>receptas</span> 
     </span>
     <span class='ocr_line' id='line_1_34' title="bbox 225 3564 1008 3640; baseline 0.003 -20"><span class='ocrx_word' id='word_1_221' title='bbox 225 3578 266 3620; x_wconf 82' lang='lat' dir='ltr'>eso</span> <span class='ocrx_word' id='word_1_222' title='bbox 280 3565 416 3627; x_wconf 78' lang='lat' dir='ltr'>Continet</span> <span class='ocrx_word' id='word_1_223' title='bbox 438 3570 469 3624; x_wconf 88' lang='lat' dir='ltr'>et</span> <span class='ocrx_word' id='word_1_224' title='bbox 490 3564 687 3624; x_wconf 89' lang='lat' dir='ltr'>Romanorum</span> <span class='ocrx_word' id='word_1_225' title='bbox 710 3564 874 3623; x_wconf 85' lang='lat' dir='ltr'>diademata</span> <span class='ocrx_word' id='word_1_226' title='bbox 896 3581 1008 3640; x_wconf 86' lang='lat' dir='ltr'>regum,</span> 
     </span>
    </p>
   </div>
   <div class='ocr_carea' id='block_1_5' title="bbox 0 0 1390 4274">
    <p class='ocr_par' dir='ltr' id='par_1_7' title="bbox 0 0 1390 4274">
     <span class='ocr_line' id='line_1_35' title="bbox 0 0 1390 4274; baseline 0 0"><span class='ocrx_word' id='word_1_227' title='bbox 0 0 1390 4274; x_wconf 95' lang='lat' dir='ltr'> </span> 
     </span>
    </p>
   </div>
  </div>
 </body>
</html>
