2760 4200
267 551 406 611 librorum
434 553 575 610 bonorum
597 551 681 610 iuxta
703 570 738 610 ac
761 552 904 610 rnalorum
931 551 1050 628 aliqins,
1078 556 1111 609 111
1132 551 1188 610 1111

267 641 369 716 inquit,
392 640 556 699 inveniatur
570 641 645 714 finis,
669 646 776 714 tamen,
792 645 903 700 01111111
917 647 1002 699 antea
1016 640 1186 716 complures

267 729 298 787 in
320 730 375 788 hac
398 729 516 788 civitate
539 729 628 788 libros
651 747 710 788 non
733 730 850 788 omnino
865 730 1000 804 maligna,
1024 735 1057 788 ut
1071 729 1185 805 opinor,

224 829 287 883 [sija]
312 819 389 876 fama
411 818 584 890 emisissem,
607 815 609 898 l
631 836 689 876 non
713 837 779 877 sum
793 819 904 877 veritus
927 826 957 877 11
978 818 1009 876 in
1031 818 1087 876 hoc
1106 819 1183 877 facto

236 919 249 960 1
268 907 380 965 utinam
394 912 454 965 tam
468 907 548 965 felici
563 925 650 982 quam
664 907 766 966 audaci
779 913 839 966 tam
857 926 938 966 meae
957 906 1185 966 existimationis

267 1015 355 1073 quam
378 995 544 1070 vulgarium
571 995 746 1054 iudiciorum
775 997 873 1055 subire
897 996 1061 1073 periculum
1089 995 1186 1054 satius

267 1085 378 1143 ducens
391 1085 493 1160 paucis
507 1084 590 1143 bonis
605 1103 691 1161 quam
706 1085 836 1145 infinitae
847 1085 992 1143 malorum
1002 1084 1186 1144 multitudini

266 1173 426 1249 placuisse,
458 1192 526 1232 cum
553 1174 609 1231 hoo
637 1174 711 1232 nulli
738 1175 800 1233 fere
829 1174 867 1232 sit
894 1173 1012 1232 difficile
1035 1173 1186 1250 consequi,

266 1262 340 1320 illud
364 1280 451 1338 quam
469 1262 655 1338 paucissimis
670 1268 701 1320 11
713 1281 766 1338 per
780 1280 910 1321 summos
925 1263 1044 1321 demum
1058 1261 1183 1321 honores

223 1363 249 1404 ro
267 1351 319 1408 vix
344 1351 501 1426 contingat.
547 1350 619 1424 Quis
646 1351 724 1409 enim
751 1369 808 1410 non
833 1351 930 1410 videat
956 1351 1043 1410 hodie
1071 1351 1182 1426 passim

267 1439 348 1497 nullo
377 1439 496 1512 iudicio,
527 1458 642 1498 summa
668 1440 849 1517 impudentia
875 1440 965 1498 libros
987 1440 1035 1498 cdi
1058 1458 1112 1498 nec
1134 1440 1184 1498 edi

268 1529 371 1602 solum,
395 1529 447 1587 sed
470 1529 558 1586 etiarn
581 1529 697 1604 probari
719 1534 749 1589 et
772 1547 828 1605 quo
852 1529 977 1605 quisque
996 1530 1029 1587 fit
1047 1529 1181 1603 ineptior,

267 1635 302 1676 eo
330 1617 416 1675 citius
447 1617 575 1674 invenire
597 1617 757 1675 lectorem?
789 1618 832 1677 Ea
855 1625 902 1676 est
924 1618 1002 1676 enim
1029 1617 1185 1693 imperitae

267 1705 463 1764 multitudinis
486 1706 678 1779 consuetudo,
706 1712 738 1764 111
760 1706 797 1765 de
821 1707 902 1764 bonis
925 1725 1075 1783 nunquam
1098 1707 1185 1779 bene,

223 1807 248 1848 11
267 1795 304 1854 de
335 1794 419 1853 malis
450 1812 566 1870 semper
596 1795 672 1853 male
701 1795 823 1868 iiulicet,
855 1796 911 1854 hoc
940 1801 986 1854 111
1015 1801 1182 1854 contemnat

267 1883 389 1959 optima,
418 1901 474 1942 non
497 1884 601 1960 probet
624 1883 680 1941 nisi
703 1903 777 1960 quae
802 1884 860 1944 sint
882 1884 1023 1960 pessima,
1051 1884 1125 1943 adeo
1148 1891 1182 1942 ut

267 1991 342 2048 quae
371 1972 401 2030 in
430 1973 536 2031 studiis
563 1972 727 2031 litterarum
750 1973 838 2048 vulgo
866 1974 996 2032 favorem
1023 1972 1183 2046 inveniant,

267 2080 301 2120 ea
324 2061 443 2120 demum
464 2079 533 2120 vere
560 2061 637 2120 mala
664 2061 750 2120 liceat
777 2061 947 2137 intellegere
977 2068 1065 2138 atque
1092 2061 1184 2120 etiam,

267 2168 341 2226 quae
363 2150 544 2210 multitudini
566 2151 708 2226 placeant,
733 2151 816 2210 bonis
839 2151 910 2210 viris
933 2169 991 2210 non
1013 2169 1103 2227 posse
1122 2168 1183 2208 non

221 2251 248 2293 20
266 2257 333 2298 esse
361 2245 505 2315 suspecta.
551 2239 598 2298 Ita
624 2240 671 2313 fit,
700 2244 733 2298 ut
760 2240 816 2298 hoo
843 2245 974 2316 tempore
1001 2246 1061 2298 tam
1086 2239 1184 2297 modis

266 2327 401 2386 omnibus
429 2333 565 2404 corrupto
592 2333 636 2386 101
662 2329 729 2387 libri
756 2329 898 2404 prodeant
920 2329 951 2386 in
974 2329 1098 2402 lucem,
1114 2329 1180 2387 boni

265 2417 348 2476 iuxta
370 2435 405 2476 ao
427 2417 504 2474 mali.
541 2417 689 2476 Bonorum
712 2417 830 2493 quidem
854 2424 884 2476 et
904 2417 1020 2476 utilimn
1039 2417 1112 2476 nihil
1126 2417 1182 2474 luit

266 2523 396 2582 unquam
419 2506 551 2578 nimium,
578 2505 722 2564 malorum
745 2506 857 2564 utinam
880 2506 998 2564 tandem
1022 2506 1061 2564 sit
1082 2506 1181 2581 aliqua

266 2595 396 2653 satietas!
437 2594 476 2653 Et
497 2595 593 2653 fuerat
615 2594 747 2654 fortassis
770 2613 828 2653 non
845 2595 961 2654 omnino
982 2595 1087 2654 inutile
1104 2595 1180 2653 mala

221 2696 247 2737 11
266 2700 381 2760 quoque
408 2683 437 2742 in
463 2684 571 2762 vulgus
600 2683 708 2760 scripta
738 2702 890 2760 spargere,
921 2684 947 2742 si
974 2702 1075 2742 eorum
1102 2701 1182 2742 com-

265 2772 414 2849 paratione
445 2772 519 2830 bona
546 2778 792 2848 cognoscerentur
814 2778 843 2831 et
866 2791 924 2831 non
947 2773 1034 2832 etiam
1062 2772 1183 2849 optimis

264 2861 326 2920 1111
355 2861 500 2935 neglectis
529 2860 659 2937 pessima
686 2879 818 2938 quaeque
845 2862 938 2921 obviis
966 2861 1100 2920 manibus
1128 2879 1183 2920 ex·

265 2949 406 3026 cipientes
428 2955 489 3008 toto
512 2950 600 3009 etiam
624 2955 739 3026 pectore
762 2950 1004 3026 amplexaremur.
1040 2950 1123 3009 Haeo
1145 2968 1180 3008 eo

265 3057 322 3097 non
346 3039 450 3110 scribo,
475 3056 532 3114 quo
555 3039 629 3098 meis
651 3039 767 3113 libellis,
792 3057 916 3115 quorum
939 3056 997 3097 non
1019 3057 1128 3115 paucos
1151 3045 1183 3097 et

220 3139 247 3181 ao
264 3127 296 3186 in
326 3127 381 3186 hac
412 3130 485 3187 urbe
514 3127 665 3202 evulgavi,
700 3128 827 3204 ipsemet
858 3128 1068 3206 patrocinatus,
1101 3127 1180 3205 quod

265 3216 470 3292 turpissimum
485 3217 531 3290 sit,
546 3216 792 3276 existimationem
807 3235 908 3294 parem
922 3217 1022 3294 (quam
1036 3223 1134 3276 tamen
1154 3216 1181 3274 si

264 3305 322 3382 ipsi
352 3305 408 3364 sibi
435 3324 493 3366 non
520 3311 714 3381 pepercerunt
743 3306 897 3379 1111111111,
928 3306 1000 3383 quid
1028 3311 1075 3365 est
1101 3305 1179 3382 quod

205 3387 214 3416 ⁴
264 3394 313 3452 hic
338 3394 427 3455 anxie
454 3395 595 3467 laborem,
623 3400 657 3453 ut
679 3413 757 3454 nunc
785 3395 905 3454 1111111111
927 3401 1076 3454 1111111111
1098 3394 1182 3468 mihi,

265 3484 344 3560 quod
367 3489 410 3542 tot
429 3500 572 3542 annorum
587 3483 698 3558 vigiliis
717 3501 751 3542 ac
766 3483 920 3544 sudoribus
937 3502 1105 3560 comparare
1121 3501 1179 3542 non

219 3572 390 3651 3111011111),
421 3572 474 3632 sed
504 3589 538 3631 eo
570 3572 648 3648 quod
680 3573 816 3647 indignor
847 3573 1056 3633 indoctissimis
1090 3572 1181 3632 etiam
