2760 4200
183 1176 240 1231 [aja]
256 1165 461 1240 Magnificis
484 1183 522 1224 ac
545 1163 827 1242 sapientissimis
849 1164 951 1238 viris,
975 1163 1127 1222 dominis

230 1272 451 1346 consulibus,
464 1272 706 1348 praetoribus,
721 1270 913 1348 praelectis
928 1270 1066 1330 aerario
1080 1275 1143 1330 etc.

229 1379 367 1456 totique
391 1379 532 1438 senatui
554 1378 703 1438 inolitae
725 1377 887 1437 civitatis
910 1377 1143 1453 Noribergae,

410 1485 563 1544 dominis
588 1485 663 1544 suis
686 1483 964 1558 colendissimis,
1059 1473 1061 1484 '

197 1605 212 1646 5
450 1591 578 1651 Helius
601 1591 764 1650 Ecbanus
787 1591 924 1650 Hessos

646 1699 674 1759 S.
697 1699 732 1758 D.

302 1841 392 1901 Vrbis
434 1841 611 1918 Noribergae
650 1841 891 1918 descriptionem,
935 1839 1145 1918 sapientissimi

230 1936 336 2008 patres
364 1949 421 1990 non
444 1931 526 1989 illam
549 1931 667 2007 quidem
690 1929 799 2003 ordine,
828 1931 880 1989 sed
902 1947 955 2006 per
977 1933 1083 2006 partes,
1112 1934 1145 1987 ut

230 2038 363 2096 quaeque
393 2038 425 2079 66
454 2021 594 2078 offerebat
624 2019 838 2096 (intellegebam
863 2019 941 2078 enim
963 2036 1066 2095 poema
1088 2036 1145 2091 me,

184 2121 213 2162 1ο
231 2126 289 2167 non
305 2109 457 2168 historiam
471 2108 645 2184 contexere),
670 2108 866 2184 compositam,
881 2107 930 2166 cui
946 2107 1146 2184 potiusquam

230 2202 328 2256 vestro
356 2197 539 2256 ornatissimo
567 2197 674 2270 ordini,
702 2196 733 2254 in
760 2197 844 2254 cuius
872 2195 999 2254 maxime
1022 2195 1146 2270 gratiam

231 2287 419 2360 scribebatur,
443 2303 643 2362 nuncuparem
666 2285 890 2362 dedicaremque
904 2303 963 2342 non
977 2283 1069 2358 video,
1092 2301 1146 2342 nec

231 2382 294 2434 tum
318 2377 488 2434 occurrebat
510 2375 570 2433 ulla
589 2374 647 2433 alia
662 2374 742 2447 ratio,
766 2393 823 2450 qua
839 2379 869 2433 61
883 2374 997 2432 felicius
1011 2373 1147 2432 ederetur

230 2464 304 2522 liber
326 2473 357 2523 et
379 2463 474 2523 editus
502 2464 642 2522 maiorem
670 2463 812 2521 inveniret
835 2462 966 2521 ornnium
994 2461 1146 2520 hominum

186 2565 213 2606 ru
231 2553 368 2626 favorem,
392 2571 480 2629 quam
504 2553 529 2610 si
548 2552 639 2612 166111
662 2551 816 2610 clarissimi
838 2551 964 2609 nominis
987 2550 1146 2627 patrocinio

232 2642 314 2700 velut
327 2641 455 2700 Palladis
478 2641 581 2716 aegide
604 2646 733 2700 armatus
755 2659 790 2698 66
813 2640 967 2699 (1666161116
991 2639 1103 2698 exisset
1116 2639 1146 2696 in

231 2730 337 2789 lucem.
382 2731 445 2789 Nec
468 2730 547 2789 enim
575 2729 753 2803 dubitabam,
782 2729 865 2806 quiri,
894 2728 919 2788 si
941 2747 1007 2787 meo
1029 2728 1147 2786 nomine

232 2819 466 2894 periclitaturum
496 2824 576 2878 esset
602 2836 706 2895 poema
727 2818 803 2877 intra
826 2823 948 2892 vestroe,
975 2823 1010 2875 ut
1031 2816 1146 2890 dicitur,

232 2908 358 2984 parietes
381 2914 508 2982 enatum,
532 2912 647 2966 vestrae
666 2912 765 2966 tamen
780 2907 979 2983 amplitudinis
994 2911 1023 2965 61
1036 2905 1147 2980 gloriae

185 3007 214 3050 ao
232 3003 367 3074 respectu
397 2997 495 3073 aliquo
528 3001 608 3056 certe
636 2995 769 3072 populari
795 2997 939 3072 applausu
967 2995 1148 3071 acciperetur

233 3091 263 3144 et
285 3086 428 3163 quidquid
450 3103 583 3144 mearum
596 3085 703 3142 virium
718 3085 918 3144 imbecillitate
932 3084 1094 3156 decederet,
1116 3083 1148 3141 id

233 3179 348 3234 vestrae
363 3174 541 3234 auctoritatis
556 3173 757 3249 magnitudine
772 3173 872 3232 libello
886 3173 944 3250 ipsi
957 3177 1146 3231 astrueretur.

233 3263 288 3322 His
320 3263 356 3322 de
387 3263 484 3322 causis
515 3263 590 3322 bona
622 3279 674 3339 spe
705 3262 851 3321 animatus
882 3260 1018 3321 libellum
1049 3261 1148 3338 ipsum

232 3353 426 3429 typographis
449 3351 524 3426 dedi,
547 3357 581 3410 111
603 3351 801 3410 excuderetur
822 3368 1009 3428 excususque
1027 3368 1086 3409 non
1099 3349 1148 3408 hic

186 3453 215 3496 25
233 3447 347 3500 tantum
361 3442 516 3517 legeretur.
546 3441 584 3500 ut
593 3459 770 3518 quamquam
785 3440 817 3498 in
825 3446 956 3516 tempora
964 3439 1148 3516 iniquissima

232 3529 373 3590 incidisse
395 3548 442 3589 me
466 3529 607 3603 videbam,
630 3530 663 3588 in
676 3529 783 3606 quibus
797 3547 852 3588 nec
866 3528 970 3588 studiis
984 3528 1148 3588 litterarum

234 3619 304 3678 satis
331 3619 439 3695 dignus
467 3619 546 3678 ullus
569 3619 709 3678 habeatur
731 3619 824 3677 honor
852 3635 907 3677 nec
931 3617 1149 3678 scribendorum

958 3718 988 3771 1*
