<?xml version="1.0" encoding="UTF-8"?>
<!DOCTYPE html PUBLIC "-//W3C//DTD XHTML 1.0 Transitional//EN"
    "http://www.w3.org/TR/xhtml1/DTD/xhtml1-transitional.dtd">
<html xmlns="http://www.w3.org/1999/xhtml" xml:lang="en" lang="en">
 <head>
  <title>
</title>
<meta http-equiv="Content-Type" content="text/html;charset=utf-8" />
  <meta name='ocr-system' content='tesseract 3.04.00' />
  <meta name='ocr-capabilities' content='ocr_page ocr_carea ocr_par ocr_line ocrx_word'/>
</head>
<body>
  <div class='ocr_page' id='page_1' title='image "./helivseobanvshe00neffgoog_0076.png"; bbox 0 0 2760 4200; ppageno 0'>
   <div class='ocr_carea' id='block_1_1' title="bbox 479 359 819 416">
    <p class='ocr_par' dir='ltr' id='par_1_1' title="bbox 479 359 819 416">
     <span class='ocr_line' id='line_1_1' title="bbox 479 359 819 416; baseline 0 -16"><span class='ocrx_word' id='word_1_1' title='bbox 479 359 620 416; x_wconf 76' lang='lat' dir='ltr'>EOBANVS,</span> <span class='ocrx_word' id='word_1_2' title='bbox 642 359 819 401; x_wconf 77' lang='lat' dir='ltr'>NORIBERGA.</span> 
     </span>
    </p>
   </div>
   <div class='ocr_carea' id='block_1_2' title="bbox 162 536 1121 1766">
    <p class='ocr_par' dir='ltr' id='par_1_2' title="bbox 162 536 1121 1766">
     <span class='ocr_line' id='line_1_2' title="bbox 214 536 890 612; baseline -0.001 -16"><span class='ocrx_word' id='word_1_3' title='bbox 214 536 253 596; x_wconf 81' lang='lat' dir='ltr'>llt</span> <span class='ocrx_word' id='word_1_4' title='bbox 275 536 363 596; x_wconf 86' lang='lat' dir='ltr'>liceat</span> <span class='ocrx_word' id='word_1_5' title='bbox 384 537 459 596; x_wconf 82' lang='lat' dir='ltr'>falso</span> <span class='ocrx_word' id='word_1_6' title='bbox 481 545 631 612; x_wconf 86' lang='lat' dir='ltr'>portarum</span> <span class='ocrx_word' id='word_1_7' title='bbox 654 536 771 595; x_wconf 90' lang='lat' dir='ltr'>nomine</span> <span class='ocrx_word' id='word_1_8' title='bbox 793 541 890 596; x_wconf 88' lang='lat' dir='ltr'>turres</span> 
     </span>
     <span class='ocr_line' id='line_1_3' title="bbox 216 625 984 702; baseline 0 -18"><span class='ocrx_word' id='word_1_9' title='bbox 216 625 299 684; x_wconf 87' lang='lat' dir='ltr'>Sicut</span> <span class='ocrx_word' id='word_1_10' title='bbox 321 625 492 684; x_wconf 85' lang='lat' dir='ltr'>Maeonidae</span> <span class='ocrx_word' id='word_1_11' title='bbox 515 625 598 684; x_wconf 88' lang='lat' dir='ltr'>nobis</span> <span class='ocrx_word' id='word_1_12' title='bbox 621 642 737 702; x_wconf 89' lang='lat' dir='ltr'>quoque</span> <span class='ocrx_word' id='word_1_13' title='bbox 760 625 859 684; x_wconf 79' lang='lat' dir='ltr'>dicere</span> <span class='ocrx_word' id='word_1_14' title='bbox 881 625 984 702; x_wconf 92' lang='lat' dir='ltr'>duplo:</span> 
     </span>
     <span class='ocr_line' id='line_1_4' title="bbox 215 713 944 790; baseline 0.003 -19"><span class='ocrx_word' id='word_1_15' title='bbox 215 713 367 773; x_wconf 89' lang='lat' dir='ltr'>Vinoimus</span> <span class='ocrx_word' id='word_1_16' title='bbox 390 720 420 772; x_wconf 90' lang='lat' dir='ltr'>et</span> <span class='ocrx_word' id='word_1_17' title='bbox 441 714 522 772; x_wconf 92' lang='lat' dir='ltr'>nullo</span> <span class='ocrx_word' id='word_1_18' title='bbox 544 713 672 790; x_wconf 87' lang='lat' dir='ltr'>tegimus</span> <span class='ocrx_word' id='word_1_19' title='bbox 695 714 846 774; x_wconf 88' lang='lat' dir='ltr'>mendacia</span> <span class='ocrx_word' id='word_1_20' title='bbox 868 715 944 773; x_wconf 84' lang='lat' dir='ltr'>fuco.</span> 
     </span>
     <span class='ocr_line' id='line_1_5' title="bbox 163 801 1121 879; baseline 0.007 -24"><span class='ocrx_word' id='word_1_21' title='bbox 163 814 202 856; x_wconf 81' lang='lat' dir='ltr'>rso</span> <span class='ocrx_word' id='word_1_22' title='bbox 260 801 338 875; x_wconf 82' lang='lat' dir='ltr'>Quid</span> <span class='ocrx_word' id='word_1_23' title='bbox 361 821 437 861; x_wconf 82' lang='lat' dir='ltr'>nova</span> <span class='ocrx_word' id='word_1_24' title='bbox 459 820 537 861; x_wconf 90' lang='lat' dir='ltr'>nunc</span> <span class='ocrx_word' id='word_1_25' title='bbox 559 803 654 861; x_wconf 86' lang='lat' dir='ltr'>dicam</span> <span class='ocrx_word' id='word_1_26' title='bbox 678 804 829 879; x_wconf 88' lang='lat' dir='ltr'>surgentia</span> <span class='ocrx_word' id='word_1_27' title='bbox 852 803 972 876; x_wconf 85' lang='lat' dir='ltr'>moenia,</span> <span class='ocrx_word' id='word_1_28' title='bbox 996 807 1121 879; x_wconf 78' lang='lat' dir='ltr'>quantae</span> 
     </span>
     <span class='ocr_line' id='line_1_6' title="bbox 215 891 979 968; baseline 0 -18"><span class='ocrx_word' id='word_1_29' title='bbox 215 892 392 951; x_wconf 72' lang='lat' dir='ltr'>decrescant</span> <span class='ocrx_word' id='word_1_30' title='bbox 414 891 507 950; x_wconf 88' lang='lat' dir='ltr'>veteri</span> <span class='ocrx_word' id='word_1_31' title='bbox 530 892 630 966; x_wconf 84' lang='lat' dir='ltr'>moles,</span> <span class='ocrx_word' id='word_1_32' title='bbox 654 909 728 968; x_wconf 89' lang='lat' dir='ltr'>quae</span> <span class='ocrx_word' id='word_1_33' title='bbox 751 893 854 950; x_wconf 86' lang='lat' dir='ltr'>robora</span> <span class='ocrx_word' id='word_1_34' title='bbox 876 894 979 950; x_wconf 83' lang='lat' dir='ltr'>muro?</span> 
     </span>
     <span class='ocr_line' id='line_1_7' title="bbox 215 980 1052 1056; baseline 0 -18"><span class='ocrx_word' id='word_1_35' title='bbox 215 980 388 1055; x_wconf 88' lang='lat' dir='ltr'>Magnorum</span> <span class='ocrx_word' id='word_1_36' title='bbox 411 980 521 1053; x_wconf 79' lang='lat' dir='ltr'>videas,</span> <span class='ocrx_word' id='word_1_37' title='bbox 546 980 626 1038; x_wconf 90' lang='lat' dir='ltr'>dicas</span> <span class='ocrx_word' id='word_1_38' title='bbox 649 998 738 1056; x_wconf 86' lang='lat' dir='ltr'>opera</span> <span class='ocrx_word' id='word_1_39' title='bbox 762 998 827 1039; x_wconf 84' lang='lat' dir='ltr'>esso</span> <span class='ocrx_word' id='word_1_40' title='bbox 849 981 1001 1056; x_wconf 88' lang='lat' dir='ltr'>gigantum</span> <span class='ocrx_word' id='word_1_41' title='bbox 1049 1017 1052 1026; x_wconf 92' lang='lat'>·</span> 
     </span>
     <span class='ocr_line' id='line_1_8' title="bbox 216 1069 992 1145; baseline 0.001 -18"><span class='ocrx_word' id='word_1_42' title='bbox 216 1069 381 1145; x_wconf 83' lang='lat' dir='ltr'>Cyclopum</span> <span class='ocrx_word' id='word_1_43' title='bbox 403 1069 542 1128; x_wconf 82' lang='lat' dir='ltr'>fabricata</span> <span class='ocrx_word' id='word_1_44' title='bbox 565 1088 654 1127; x_wconf 85' lang='lat' dir='ltr'>manu</span> <span class='ocrx_word' id='word_1_45' title='bbox 676 1074 851 1145; x_wconf 84' lang='lat' dir='ltr'>veteresque</span> <span class='ocrx_word' id='word_1_46' title='bbox 875 1069 992 1145; x_wconf 86' lang='lat' dir='ltr'>putabis</span> 
     </span>
     <span class='ocr_line' id='line_1_9' title="bbox 214 1157 995 1233; baseline 0.001 -17"><span class='ocrx_word' id='word_1_47' title='bbox 214 1157 272 1216; x_wconf 91' lang='lat' dir='ltr'>Hic</span> <span class='ocrx_word' id='word_1_48' title='bbox 294 1158 402 1217; x_wconf 89' lang='lat' dir='ltr'>iterum</span> <span class='ocrx_word' id='word_1_49' title='bbox 425 1158 518 1216; x_wconf 88' lang='lat' dir='ltr'>muris</span> <span class='ocrx_word' id='word_1_50' title='bbox 541 1157 723 1216; x_wconf 86' lang='lat' dir='ltr'>circumdare</span> <span class='ocrx_word' id='word_1_51' title='bbox 746 1159 823 1217; x_wconf 83' lang='lat' dir='ltr'>velle</span> <span class='ocrx_word' id='word_1_52' title='bbox 846 1158 995 1233; x_wconf 86' lang='lat' dir='ltr'>Mycenas.</span> 
     </span>
     <span class='ocr_line' id='line_1_10' title="bbox 163 1245 1024 1323; baseline 0.009 -25"><span class='ocrx_word' id='word_1_53' title='bbox 163 1258 201 1299; x_wconf 79' lang='lat' dir='ltr'>aas</span> <span class='ocrx_word' id='word_1_54' title='bbox 216 1245 294 1319; x_wconf 86' lang='lat' dir='ltr'>Quid</span> <span class='ocrx_word' id='word_1_55' title='bbox 316 1246 419 1323; x_wconf 86' lang='lat' dir='ltr'>loquar</span> <span class='ocrx_word' id='word_1_56' title='bbox 441 1251 580 1323; x_wconf 88' lang='lat' dir='ltr'>aequatas</span> <span class='ocrx_word' id='word_1_57' title='bbox 602 1247 694 1305; x_wconf 85' lang='lat' dir='ltr'>valles</span> <span class='ocrx_word' id='word_1_58' title='bbox 718 1253 891 1322; x_wconf 87' lang='lat' dir='ltr'>montesque</span> <span class='ocrx_word' id='word_1_59' title='bbox 913 1247 1024 1306; x_wconf 84' lang='lat' dir='ltr'>recisos</span> 
     </span>
     <span class='ocr_line' id='line_1_11' title="bbox 215 1335 1021 1412; baseline 0 -18"><span class='ocrx_word' id='word_1_60' title='bbox 215 1335 442 1412; x_wconf 85' lang='lat' dir='ltr'>Translatosque</span> <span class='ocrx_word' id='word_1_61' title='bbox 465 1335 522 1394; x_wconf 87' lang='lat' dir='ltr'>alio</span> <span class='ocrx_word' id='word_1_62' title='bbox 545 1336 682 1408; x_wconf 85' lang='lat' dir='ltr'>tumulos,</span> <span class='ocrx_word' id='word_1_63' title='bbox 705 1353 742 1393; x_wconf 88' lang='lat' dir='ltr'>ne</span> <span class='ocrx_word' id='word_1_64' title='bbox 765 1335 916 1394; x_wconf 91' lang='lat' dir='ltr'>moenibus</span> <span class='ocrx_word' id='word_1_65' title='bbox 939 1336 1021 1395; x_wconf 91' lang='lat' dir='ltr'>urbis</span> 
     </span>
     <span class='ocr_line' id='line_1_12' title="bbox 215 1422 1006 1500; baseline 0.001 -17"><span class='ocrx_word' id='word_1_66' title='bbox 215 1422 373 1483; x_wconf 85' lang='lat' dir='ltr'>Obstarent</span> <span class='ocrx_word' id='word_1_67' title='bbox 395 1424 559 1500; x_wconf 87' lang='lat' dir='ltr'>damnoque</span> <span class='ocrx_word' id='word_1_68' title='bbox 582 1425 684 1496; x_wconf 78' lang='lat' dir='ltr'>forent,</span> <span class='ocrx_word' id='word_1_69' title='bbox 709 1424 736 1483; x_wconf 88' lang='lat' dir='ltr'>si</span> <span class='ocrx_word' id='word_1_70' title='bbox 757 1424 889 1500; x_wconf 87' lang='lat' dir='ltr'>perfidus</span> <span class='ocrx_word' id='word_1_71' title='bbox 913 1425 1006 1484; x_wconf 82' lang='lat' dir='ltr'>hostis</span> 
     </span>
     <span class='ocr_line' id='line_1_13' title="bbox 217 1511 979 1589; baseline -0.001 -17"><span class='ocrx_word' id='word_1_72' title='bbox 217 1511 347 1588; x_wconf 76' lang='lat' dir='ltr'>Occupet</span> <span class='ocrx_word' id='word_1_73' title='bbox 369 1531 404 1572; x_wconf 86' lang='lat' dir='ltr'>ao</span> <span class='ocrx_word' id='word_1_74' title='bbox 426 1513 548 1572; x_wconf 86' lang='lat' dir='ltr'>tumulis</span> <span class='ocrx_word' id='word_1_75' title='bbox 571 1513 729 1589; x_wconf 88' lang='lat' dir='ltr'>protectior</span> <span class='ocrx_word' id='word_1_76' title='bbox 751 1513 871 1572; x_wconf 88' lang='lat' dir='ltr'>incubet</span> <span class='ocrx_word' id='word_1_77' title='bbox 893 1513 979 1571; x_wconf 88' lang='lat' dir='ltr'>urbi?</span> 
     </span>
     <span class='ocr_line' id='line_1_14' title="bbox 164 1601 970 1678; baseline -0.009 -11"><span class='ocrx_word' id='word_1_78' title='bbox 164 1613 216 1666; x_wconf 76' lang='lat' dir='ltr'>leto]</span> <span class='ocrx_word' id='word_1_79' title='bbox 241 1601 325 1674; x_wconf 78' lang='lat' dir='ltr'>Quod</span> <span class='ocrx_word' id='word_1_80' title='bbox 348 1602 412 1660; x_wconf 81' lang='lat' dir='ltr'>fieri</span> <span class='ocrx_word' id='word_1_81' title='bbox 436 1601 535 1659; x_wconf 87' lang='lat' dir='ltr'>divina</span> <span class='ocrx_word' id='word_1_82' title='bbox 557 1607 635 1662; x_wconf 85' lang='lat' dir='ltr'>vetet</span> <span class='ocrx_word' id='word_1_83' title='bbox 658 1601 814 1660; x_wconf 86' lang='lat' dir='ltr'>clementia</span> <span class='ocrx_word' id='word_1_84' title='bbox 837 1607 868 1661; x_wconf 91' lang='lat' dir='ltr'>et</span> <span class='ocrx_word' id='word_1_85' title='bbox 889 1602 970 1678; x_wconf 89' lang='lat' dir='ltr'>ipsos</span> 
     </span>
     <span class='ocr_line' id='line_1_15' title="bbox 162 1690 1008 1766; baseline 0.006 -22"><span class='ocrx_word' id='word_1_86' title='bbox 162 1702 201 1744; x_wconf 74' lang='lat' dir='ltr'>aro</span> <span class='ocrx_word' id='word_1_87' title='bbox 215 1691 280 1749; x_wconf 88' lang='lat' dir='ltr'>Hac</span> <span class='ocrx_word' id='word_1_88' title='bbox 303 1691 402 1749; x_wconf 88' lang='lat' dir='ltr'>hostes</span> <span class='ocrx_word' id='word_1_89' title='bbox 425 1690 524 1766; x_wconf 90' lang='lat' dir='ltr'>potius</span> <span class='ocrx_word' id='word_1_90' title='bbox 547 1691 721 1750; x_wconf 87' lang='lat' dir='ltr'>condemnet</span> <span class='ocrx_word' id='word_1_91' title='bbox 743 1691 826 1750; x_wconf 87' lang='lat' dir='ltr'>clade</span> <span class='ocrx_word' id='word_1_92' title='bbox 849 1692 1008 1749; x_wconf 89' lang='lat' dir='ltr'>malorum!</span> 
     </span>
    </p>
   </div>
   <div class='ocr_carea' id='block_1_3' title="bbox 497 1921 801 1997">
    <p class='ocr_par' dir='ltr' id='par_1_3' title="bbox 497 1921 801 1997">
     <span class='ocr_line' id='line_1_16' title="bbox 497 1921 801 1997; baseline 0.007 -19"><span class='ocrx_word' id='word_1_93' title='bbox 497 1922 570 1979; x_wconf 83' lang='lat' dir='ltr'>Arx</span> <span class='ocrx_word' id='word_1_94' title='bbox 593 1921 801 1997; x_wconf 87' lang='lat' dir='ltr'>imperialis.</span> 
     </span>
    </p>
   </div>
   <div class='ocr_carea' id='block_1_4' title="bbox 162 2045 1130 3616">
    <p class='ocr_par' dir='ltr' id='par_1_4' title="bbox 258 2045 1130 2122">
     <span class='ocr_line' id='line_1_17' title="bbox 258 2045 1130 2122; baseline 0 -18"><span class='ocrx_word' id='word_1_95' title='bbox 258 2045 405 2120; x_wconf 79' lang='lat' dir='ltr'>Diximus,</span> <span class='ocrx_word' id='word_1_96' title='bbox 429 2045 582 2104; x_wconf 87' lang='lat' dir='ltr'>occiduum</span> <span class='ocrx_word' id='word_1_97' title='bbox 606 2064 664 2122; x_wconf 87' lang='lat' dir='ltr'>qua</span> <span class='ocrx_word' id='word_1_98' title='bbox 686 2050 768 2122; x_wconf 83' lang='lat' dir='ltr'>parte</span> <span class='ocrx_word' id='word_1_99' title='bbox 788 2047 859 2104; x_wconf 92' lang='lat' dir='ltr'>urbs</span> <span class='ocrx_word' id='word_1_100' title='bbox 873 2046 970 2122; x_wconf 86' lang='lat' dir='ltr'>vergit</span> <span class='ocrx_word' id='word_1_101' title='bbox 983 2046 1020 2104; x_wconf 89' lang='lat' dir='ltr'>ad</span> <span class='ocrx_word' id='word_1_102' title='bbox 1034 2065 1130 2122; x_wconf 86' lang='lat' dir='ltr'>axem,</span> 
     </span>
    </p>

    <p class='ocr_par' dir='ltr' id='par_1_5' title="bbox 214 2134 1051 2388">
     <span class='ocr_line' id='line_1_18' title="bbox 215 2134 904 2210; baseline 0 -17"><span class='ocrx_word' id='word_1_103' title='bbox 215 2137 322 2193; x_wconf 87' lang='lat' dir='ltr'>Arcem</span> <span class='ocrx_word' id='word_1_104' title='bbox 346 2134 447 2193; x_wconf 84' lang='lat' dir='ltr'>clivosi</span> <span class='ocrx_word' id='word_1_105' title='bbox 471 2152 560 2210; x_wconf 87' lang='lat' dir='ltr'>super</span> <span class='ocrx_word' id='word_1_106' title='bbox 582 2135 641 2192; x_wconf 91' lang='lat' dir='ltr'>alto</span> <span class='ocrx_word' id='word_1_107' title='bbox 663 2134 775 2193; x_wconf 80' lang='lat' dir='ltr'>vertice</span> <span class='ocrx_word' id='word_1_108' title='bbox 797 2135 904 2193; x_wconf 88' lang='lat' dir='ltr'>montis</span> 
     </span>
     <span class='ocr_line' id='line_1_19' title="bbox 214 2223 1051 2302; baseline 0 -20"><span class='ocrx_word' id='word_1_109' title='bbox 214 2223 290 2282; x_wconf 84' lang='lat' dir='ltr'>Esse</span> <span class='ocrx_word' id='word_1_110' title='bbox 313 2223 407 2297; x_wconf 83' lang='lat' dir='ltr'>sitam,</span> <span class='ocrx_word' id='word_1_111' title='bbox 431 2223 543 2299; x_wconf 79' lang='lat' dir='ltr'>positae</span> <span class='ocrx_word' id='word_1_112' title='bbox 566 2241 640 2300; x_wconf 87' lang='lat' dir='ltr'>quae</span> <span class='ocrx_word' id='word_1_113' title='bbox 663 2223 792 2299; x_wconf 87' lang='lat' dir='ltr'>desuper</span> <span class='ocrx_word' id='word_1_114' title='bbox 814 2223 949 2282; x_wconf 81' lang='lat' dir='ltr'>imminet</span> <span class='ocrx_word' id='word_1_115' title='bbox 970 2224 1051 2302; x_wconf 85' lang='lat' dir='ltr'>urbi;</span> 
     </span>
     <span class='ocr_line' id='line_1_20' title="bbox 215 2311 951 2388; baseline 0.001 -18"><span class='ocrx_word' id='word_1_116' title='bbox 215 2312 302 2370; x_wconf 87' lang='lat' dir='ltr'>Vnde</span> <span class='ocrx_word' id='word_1_117' title='bbox 324 2317 405 2388; x_wconf 84' lang='lat' dir='ltr'>patet</span> <span class='ocrx_word' id='word_1_118' title='bbox 427 2317 503 2370; x_wconf 90' lang='lat' dir='ltr'>totos</span> <span class='ocrx_word' id='word_1_119' title='bbox 525 2311 585 2371; x_wconf 88' lang='lat' dir='ltr'>late</span> <span class='ocrx_word' id='word_1_120' title='bbox 607 2318 781 2388; x_wconf 86' lang='lat' dir='ltr'>prospectus</span> <span class='ocrx_word' id='word_1_121' title='bbox 804 2312 835 2370; x_wconf 91' lang='lat' dir='ltr'>in</span> <span class='ocrx_word' id='word_1_122' title='bbox 857 2331 951 2388; x_wconf 82' lang='lat' dir='ltr'>agros,</span> 
     </span>
    </p>

    <p class='ocr_par' dir='ltr' id='par_1_6' title="bbox 162 2400 1059 2830">
     <span class='ocr_line' id='line_1_21' title="bbox 162 2400 1032 2477; baseline 0.007 -23"><span class='ocrx_word' id='word_1_123' title='bbox 162 2413 201 2455; x_wconf 74' lang='lat' dir='ltr'>ara</span> <span class='ocrx_word' id='word_1_124' title='bbox 216 2400 272 2474; x_wconf 85' lang='lat' dir='ltr'>Qui</span> <span class='ocrx_word' id='word_1_125' title='bbox 295 2401 378 2459; x_wconf 85' lang='lat' dir='ltr'>iuxta</span> <span class='ocrx_word' id='word_1_126' title='bbox 400 2400 569 2477; x_wconf 81' lang='lat' dir='ltr'>circumque</span> <span class='ocrx_word' id='word_1_127' title='bbox 592 2405 702 2476; x_wconf 86' lang='lat' dir='ltr'>patent,</span> <span class='ocrx_word' id='word_1_128' title='bbox 726 2400 1032 2477; x_wconf 73' lang='lat' dir='ltr'>silvasque&#39;patentes</span> 
     </span>
     <span class='ocr_line' id='line_1_22' title="bbox 216 2488 995 2566; baseline 0.001 -18"><span class='ocrx_word' id='word_1_129' title='bbox 216 2489 451 2566; x_wconf 85' lang='lat' dir='ltr'>Claudentesque</span> <span class='ocrx_word' id='word_1_130' title='bbox 475 2488 592 2565; x_wconf 86' lang='lat' dir='ltr'>plagam</span> <span class='ocrx_word' id='word_1_131' title='bbox 614 2489 735 2548; x_wconf 86' lang='lat' dir='ltr'>turritae</span> <span class='ocrx_word' id='word_1_132' title='bbox 758 2508 839 2548; x_wconf 91' lang='lat' dir='ltr'>more</span> <span class='ocrx_word' id='word_1_133' title='bbox 863 2507 995 2549; x_wconf 87' lang='lat' dir='ltr'>coronae.</span> 
     </span>
     <span class='ocr_line' id='line_1_23' title="bbox 214 2577 926 2654; baseline 0.001 -17"><span class='ocrx_word' id='word_1_134' title='bbox 214 2578 271 2637; x_wconf 89' lang='lat' dir='ltr'>Illa</span> <span class='ocrx_word' id='word_1_135' title='bbox 292 2577 383 2654; x_wconf 88' lang='lat' dir='ltr'>igitur</span> <span class='ocrx_word' id='word_1_136' title='bbox 406 2578 477 2636; x_wconf 90' lang='lat' dir='ltr'>celsi</span> <span class='ocrx_word' id='word_1_137' title='bbox 501 2595 625 2653; x_wconf 85' lang='lat' dir='ltr'>surgens</span> <span class='ocrx_word' id='word_1_138' title='bbox 647 2597 665 2636; x_wconf 89' lang='lat' dir='ltr'>a</span> <span class='ocrx_word' id='word_1_139' title='bbox 687 2577 795 2636; x_wconf 82' lang='lat' dir='ltr'>veitice</span> <span class='ocrx_word' id='word_1_140' title='bbox 818 2579 926 2638; x_wconf 88' lang='lat' dir='ltr'>montis</span> 
     </span>
     <span class='ocr_line' id='line_1_24' title="bbox 216 2667 943 2743; baseline -0.003 -16"><span class='ocrx_word' id='word_1_141' title='bbox 216 2667 318 2727; x_wconf 87' lang='lat' dir='ltr'>Sidera</span> <span class='ocrx_word' id='word_1_142' title='bbox 341 2668 420 2725; x_wconf 89' lang='lat' dir='ltr'>celsa</span> <span class='ocrx_word' id='word_1_143' title='bbox 441 2667 516 2743; x_wconf 88' lang='lat' dir='ltr'>petit</span> <span class='ocrx_word' id='word_1_144' title='bbox 536 2667 623 2726; x_wconf 87' lang='lat' dir='ltr'>tectis</span> <span class='ocrx_word' id='word_1_145' title='bbox 647 2667 784 2743; x_wconf 86' lang='lat' dir='ltr'>caeloque</span> <span class='ocrx_word' id='word_1_146' title='bbox 807 2667 943 2740; x_wconf 82' lang='lat' dir='ltr'>minatur,</span> 
     </span>
     <span class='ocr_line' id='line_1_25' title="bbox 215 2755 1059 2830; baseline 0.001 -17"><span class='ocrx_word' id='word_1_147' title='bbox 215 2757 284 2814; x_wconf 87' lang='lat' dir='ltr'>Alta</span> <span class='ocrx_word' id='word_1_148' title='bbox 307 2756 411 2814; x_wconf 88' lang='lat' dir='ltr'>domus</span> <span class='ocrx_word' id='word_1_149' title='bbox 434 2774 546 2830; x_wconf 83' lang='lat' dir='ltr'>regum,</span> <span class='ocrx_word' id='word_1_150' title='bbox 570 2755 675 2815; x_wconf 89' lang='lat' dir='ltr'>domus</span> <span class='ocrx_word' id='word_1_151' title='bbox 697 2756 799 2814; x_wconf 88' lang='lat' dir='ltr'>inclita</span> <span class='ocrx_word' id='word_1_152' title='bbox 822 2755 956 2815; x_wconf 83' lang='lat' dir='ltr'>Caesaris</span> <span class='ocrx_word' id='word_1_153' title='bbox 979 2756 1059 2826; x_wconf 87' lang='lat' dir='ltr'>olim,</span> 
     </span>
    </p>

    <p class='ocr_par' dir='ltr' id='par_1_7' title="bbox 162 2844 1095 3277">
     <span class='ocr_line' id='line_1_26' title="bbox 162 2844 1095 2921; baseline 0.008 -25"><span class='ocrx_word' id='word_1_154' title='bbox 162 2855 202 2898; x_wconf 85' lang='lat' dir='ltr'>aso</span> <span class='ocrx_word' id='word_1_155' title='bbox 217 2844 292 2904; x_wconf 86' lang='lat' dir='ltr'>Cum</span> <span class='ocrx_word' id='word_1_156' title='bbox 314 2845 411 2921; x_wconf 88' lang='lat' dir='ltr'>placet</span> <span class='ocrx_word' id='word_1_157' title='bbox 432 2850 462 2903; x_wconf 93' lang='lat' dir='ltr'>et</span> <span class='ocrx_word' id='word_1_158' title='bbox 484 2845 618 2921; x_wconf 89' lang='lat' dir='ltr'>quotiens</span> <span class='ocrx_word' id='word_1_159' title='bbox 640 2845 768 2904; x_wconf 85' lang='lat' dir='ltr'>invisere</span> <span class='ocrx_word' id='word_1_160' title='bbox 791 2844 898 2904; x_wconf 87' lang='lat' dir='ltr'>Norica</span> <span class='ocrx_word' id='word_1_161' title='bbox 921 2845 1036 2920; x_wconf 90' lang='lat' dir='ltr'>magnis</span> <span class='ocrx_word' id='word_1_162' title='bbox 1092 2881 1095 2891; x_wconf 69' lang='grc'><strong>«</strong></span> 
     </span>
     <span class='ocr_line' id='line_1_27' title="bbox 215 2933 1077 3010; baseline 0.001 -19"><span class='ocrx_word' id='word_1_163' title='bbox 215 2933 331 2992; x_wconf 89' lang='lat' dir='ltr'>Moenia</span> <span class='ocrx_word' id='word_1_164' title='bbox 354 2933 535 3008; x_wconf 77' lang='lat' dir='ltr'>Caesaribus,</span> <span class='ocrx_word' id='word_1_165' title='bbox 559 2951 685 3010; x_wconf 90' lang='lat' dir='ltr'>namque</span> <span class='ocrx_word' id='word_1_166' title='bbox 707 2939 737 2992; x_wconf 89' lang='lat' dir='ltr'>et</span> <span class='ocrx_word' id='word_1_167' title='bbox 759 2933 897 3010; x_wconf 79' lang='lat' dir='ltr'>regaliter</span> <span class='ocrx_word' id='word_1_168' title='bbox 919 2935 997 2993; x_wconf 92' lang='lat' dir='ltr'>omni</span> <span class='ocrx_word' id='word_1_169' title='bbox 1075 2983 1077 2986; x_wconf 95' lang='lat'>.</span> 
     </span>
     <span class='ocr_line' id='line_1_28' title="bbox 215 3022 1029 3096; baseline 0.001 -16"><span class='ocrx_word' id='word_1_170' title='bbox 215 3022 379 3082; x_wconf 86' lang='lat' dir='ltr'>Aedilicata</span> <span class='ocrx_word' id='word_1_171' title='bbox 399 3022 486 3081; x_wconf 90' lang='lat' dir='ltr'>modo</span> <span class='ocrx_word' id='word_1_172' title='bbox 509 3027 555 3081; x_wconf 89' lang='lat' dir='ltr'>est</span> <span class='ocrx_word' id='word_1_173' title='bbox 576 3023 665 3096; x_wconf 87' lang='lat' dir='ltr'>intus,</span> <span class='ocrx_word' id='word_1_174' title='bbox 688 3023 758 3082; x_wconf 86' lang='lat' dir='ltr'>ioris</span> <span class='ocrx_word' id='word_1_175' title='bbox 781 3023 861 3081; x_wconf 91' lang='lat' dir='ltr'>haud</span> <span class='ocrx_word' id='word_1_176' title='bbox 883 3023 924 3081; x_wconf 81' lang='lat' dir='ltr'>ita</span> <span class='ocrx_word' id='word_1_177' title='bbox 946 3023 1029 3081; x_wconf 90' lang='lat' dir='ltr'>cultu</span> 
     </span>
     <span class='ocr_line' id='line_1_29' title="bbox 216 3111 941 3188; baseline 0 -18"><span class='ocrx_word' id='word_1_178' title='bbox 216 3111 428 3187; x_wconf 79' lang='lat' dir='ltr'>Conspioienda</span> <span class='ocrx_word' id='word_1_179' title='bbox 450 3113 522 3188; x_wconf 81' lang='lat' dir='ltr'>pari,</span> <span class='ocrx_word' id='word_1_180' title='bbox 546 3111 597 3170; x_wconf 89' lang='lat' dir='ltr'>sed</span> <span class='ocrx_word' id='word_1_181' title='bbox 620 3111 651 3169; x_wconf 88' lang='lat' dir='ltr'>in</span> <span class='ocrx_word' id='word_1_182' title='bbox 674 3112 729 3170; x_wconf 85' lang='lat' dir='ltr'>atri</span> <span class='ocrx_word' id='word_1_183' title='bbox 752 3113 854 3170; x_wconf 87' lang='lat' dir='ltr'>robore</span> <span class='ocrx_word' id='word_1_184' title='bbox 877 3111 941 3170; x_wconf 84' lang='lat' dir='ltr'>saxi</span> 
     </span>
     <span class='ocr_line' id='line_1_30' title="bbox 214 3199 1018 3277; baseline 0.002 -19"><span class='ocrx_word' id='word_1_185' title='bbox 214 3199 391 3276; x_wconf 91' lang='lat' dir='ltr'>Impositum</span> <span class='ocrx_word' id='word_1_186' title='bbox 413 3200 547 3268; x_wconf 85' lang='lat' dir='ltr'>consistit</span> <span class='ocrx_word' id='word_1_187' title='bbox 569 3218 643 3277; x_wconf 90' lang='lat' dir='ltr'>opus</span> <span class='ocrx_word' id='word_1_188' title='bbox 665 3201 843 3277; x_wconf 88' lang='lat' dir='ltr'>firmumque</span> <span class='ocrx_word' id='word_1_189' title='bbox 866 3205 1018 3277; x_wconf 83' lang='lat' dir='ltr'>vetusque.</span> 
     </span>
    </p>

    <p class='ocr_par' dir='ltr' id='par_1_8' title="bbox 163 3287 1130 3616">
     <span class='ocr_line' id='line_1_31' title="bbox 163 3287 1130 3366; baseline 0.007 -24"><span class='ocrx_word' id='word_1_190' title='bbox 163 3301 202 3343; x_wconf 73' lang='lat' dir='ltr'>aas</span> <span class='ocrx_word' id='word_1_191' title='bbox 215 3287 283 3347; x_wconf 87' lang='lat' dir='ltr'>Non</span> <span class='ocrx_word' id='word_1_192' title='bbox 306 3307 390 3348; x_wconf 91' lang='lat' dir='ltr'>secus</span> <span class='ocrx_word' id='word_1_193' title='bbox 413 3307 448 3347; x_wconf 90' lang='lat' dir='ltr'>ac</span> <span class='ocrx_word' id='word_1_194' title='bbox 470 3289 564 3348; x_wconf 85' lang='lat' dir='ltr'>medio</span> <span class='ocrx_word' id='word_1_195' title='bbox 588 3307 664 3366; x_wconf 86' lang='lat' dir='ltr'>quae</span> <span class='ocrx_word' id='word_1_196' title='bbox 687 3289 832 3366; x_wconf 89' lang='lat' dir='ltr'>prominet</span> <span class='ocrx_word' id='word_1_197' title='bbox 853 3307 981 3366; x_wconf 87' lang='lat' dir='ltr'>aequore</span> <span class='ocrx_word' id='word_1_198' title='bbox 1003 3308 1093 3366; x_wconf 90' lang='lat' dir='ltr'>rupes</span> <span class='ocrx_word' id='word_1_199' title='bbox 1128 3329 1130 3334; x_wconf 68' lang='lat'>,</span> 
     </span>
     <span class='ocr_line' id='line_1_32' title="bbox 215 3377 935 3454; baseline 0 -18"><span class='ocrx_word' id='word_1_200' title='bbox 215 3377 348 3454; x_wconf 88' lang='lat' dir='ltr'>Despicit</span> <span class='ocrx_word' id='word_1_201' title='bbox 370 3382 401 3436; x_wconf 86' lang='lat' dir='ltr'>et</span> <span class='ocrx_word' id='word_1_202' title='bbox 423 3383 527 3438; x_wconf 87' lang='lat' dir='ltr'>ventos</span> <span class='ocrx_word' id='word_1_203' title='bbox 550 3383 579 3437; x_wconf 84' lang='lat' dir='ltr'>et</span> <span class='ocrx_word' id='word_1_204' title='bbox 602 3397 689 3438; x_wconf 86' lang='lat' dir='ltr'>rauca</span> <span class='ocrx_word' id='word_1_205' title='bbox 711 3379 839 3437; x_wconf 89' lang='lat' dir='ltr'>tonitrua</span> <span class='ocrx_word' id='word_1_206' title='bbox 860 3379 935 3438; x_wconf 91' lang='lat' dir='ltr'>caeli</span> 
     </span>
     <span class='ocr_line' id='line_1_33' title="bbox 216 3466 920 3526; baseline 0.003 -2"><span class='ocrx_word' id='word_1_207' title='bbox 216 3467 256 3524; x_wconf 84' lang='lat' dir='ltr'>Vi</span> <span class='ocrx_word' id='word_1_208' title='bbox 278 3466 359 3524; x_wconf 90' lang='lat' dir='ltr'>nulla</span> <span class='ocrx_word' id='word_1_209' title='bbox 381 3484 522 3526; x_wconf 87' lang='lat' dir='ltr'>concussa</span> <span class='ocrx_word' id='word_1_210' title='bbox 544 3485 600 3525; x_wconf 89' lang='lat' dir='ltr'>neo</span> <span class='ocrx_word' id='word_1_211' title='bbox 622 3466 683 3526; x_wconf 91' lang='lat' dir='ltr'>ulla</span> <span class='ocrx_word' id='word_1_212' title='bbox 705 3467 820 3526; x_wconf 87' lang='lat' dir='ltr'>mobilis</span> <span class='ocrx_word' id='word_1_213' title='bbox 842 3473 920 3526; x_wconf 87' lang='lat' dir='ltr'>arte:</span> 
     </span>
     <span class='ocr_line' id='line_1_34' title="bbox 217 3556 935 3616; baseline 0.001 -1"><span class='ocrx_word' id='word_1_214' title='bbox 217 3556 266 3615; x_wconf 90' lang='lat' dir='ltr'>Sic</span> <span class='ocrx_word' id='word_1_215' title='bbox 288 3556 403 3615; x_wconf 85' lang='lat' dir='ltr'>firmata</span> <span class='ocrx_word' id='word_1_216' title='bbox 426 3574 479 3615; x_wconf 90' lang='lat' dir='ltr'>suo</span> <span class='ocrx_word' id='word_1_217' title='bbox 502 3561 561 3615; x_wconf 87' lang='lat' dir='ltr'>stat</span> <span class='ocrx_word' id='word_1_218' title='bbox 582 3558 683 3616; x_wconf 87' lang='lat' dir='ltr'>robore</span> <span class='ocrx_word' id='word_1_219' title='bbox 706 3556 812 3616; x_wconf 85' lang='lat' dir='ltr'>Norica</span> <span class='ocrx_word' id='word_1_220' title='bbox 835 3557 935 3616; x_wconf 88' lang='lat' dir='ltr'>moles.</span> 
     </span>
    </p>
   </div>
   <div class='ocr_carea' id='block_1_5' title="bbox 215 3658 970 3718">
    <p class='ocr_par' dir='ltr' id='par_1_9' title="bbox 215 3658 970 3718">
     <span class='ocr_line' id='line_1_35' title="bbox 215 3658 970 3718; baseline -0.003 -2"><span class='ocrx_word' id='word_1_221' title='bbox 215 3674 265 3717; x_wconf 78' lang='lat' dir='ltr'>Lat.</span> <span class='ocrx_word' id='word_1_222' title='bbox 280 3674 488 3718; x_wconf 82' lang='lat' dir='ltr'>Litteraturdenkm.</span> <span class='ocrx_word' id='word_1_223' title='bbox 504 3675 537 3717; x_wconf 90' lang='lat'>12.</span> <span class='ocrx_word' id='word_1_224' title='bbox 953 3658 970 3710; x_wconf 79' lang='lat'>2</span> 
     </span>
    </p>
   </div>
   <div class='ocr_carea' id='block_1_6' title="bbox 0 0 1387 4200">
    <p class='ocr_par' dir='ltr' id='par_1_10' title="bbox 0 0 1387 4200">
     <span class='ocr_line' id='line_1_36' title="bbox 0 0 1387 4200; baseline 0 0"><span class='ocrx_word' id='word_1_225' title='bbox 0 0 1387 4200; x_wconf 95' lang='lat' dir='ltr'> </span> 
     </span>
    </p>
   </div>
  </div>
 </body>
</html>
