2770 4274
251 325 292 382 60
357 295 364 320 Ι
528 341 722 395 nuuaurmvs,
745 341 931 382 remuneres.

338 518 384 577 Ne
406 524 543 577 moveant
565 519 661 577 subito
684 519 759 578 bella
781 524 916 594 proterva
939 519 1019 577 mihi.

295 607 390 683 Saepe
412 607 466 666 tibi
488 607 595 683 scripsi
617 607 728 683 plenas,
751 608 940 682 Hieronymo,
963 608 1088 680 chartas,

339 696 507 754 Frustratus
529 703 597 755 voto
620 697 738 773 saepius
760 697 826 772 ipse
848 697 899 754 fui.

250 797 276 838 rs
294 785 427 843 Forsitan
450 785 582 844 anfractu
604 786 713 844 lassata
735 791 781 845 est
804 785 888 844 Musa
911 786 1032 858 viarum,

338 873 384 932 Ne
406 892 476 932 mox
498 892 650 933 emensum
673 880 758 933 canta
779 876 902 933 referret
924 875 988 933 iter.

293 963 397 1038 Longa
419 963 466 1021 via
489 967 535 1022 est
556 963 687 1037 nimium,
710 963 761 1021 vix
784 970 815 1022 et
838 962 1011 1039 superabilis
1034 962 1093 1036 uni,

340 1050 423 1124 Quod
446 1057 543 1110 taceas
566 1052 655 1111 miror
677 1052 798 1111 forsitan
821 1052 890 1110 inde
913 1052 1019 1110 minus.

249 1151 307 1205 [aaa]
332 1139 373 1198 Te
402 1141 528 1199 retinent
554 1141 623 1199 olim
658 1141 793 1218 praeduri
822 1141 952 1200 Saxones
981 1141 1079 1213 armis,

249 1242 276 1283 20
339 1229 423 1288 Albis
446 1230 496 1288 ubi
519 1231 631 1289 effusus
655 1248 763 1288 cornua
786 1231 852 1288 bina
874 1231 951 1304 facit,

298 1317 382 1377 Vnde
417 1318 566 1392 Lycaonio
598 1319 708 1378 Boreas
745 1320 800 1378 sub
837 1319 931 1377 sidere
967 1318 1082 1394 spirans

339 1407 470 1466 Horriler
492 1409 590 1466 urenti
612 1408 756 1467 contrahit
777 1427 847 1467 arvo
869 1407 945 1483 gelu.

295 1496 325 1556 Si
354 1514 423 1555 vero
452 1496 523 1573 quid
553 1515 638 1571 agam
662 1497 707 1556 vel
736 1515 811 1573 quae
838 1515 904 1555 mea
930 1497 989 1554 fata
1012 1496 1145 1572 requiris,

338 1584 404 1643 Non
428 1603 535 1659 gravor
557 1586 594 1644 ad
617 1603 754 1644 numeros
778 1590 883 1644 cuncte
906 1586 1016 1644 referre
1038 1584 1129 1644 leves.

249 1687 277 1727 25
295 1673 385 1732 Evasi
426 1673 544 1732 tandem
585 1680 651 1750 post
694 1693 780 1734 saeva
826 1674 957 1750 pericula
993 1674 1070 1732 vitae

339 1762 378 1821 llt
400 1762 474 1821 felix
496 1782 567 1822 aura
589 1763 773 1839 prosperiore
795 1765 884 1822 fruor.

294 1851 393 1910 Paene
416 1851 489 1909 mihi
512 1870 606 1928 nuper
629 1851 736 1910 vulnus
758 1853 909 1911 nocuisset
931 1852 1076 1924 acerbum,

341 1939 425 2014 Quod
448 1945 545 1999 tamen
567 1941 676 2000 inflixit
699 1959 757 1999 non
779 1941 899 2000 inimica
922 1959 1035 2000 manus.

296 2027 437 2088 Convalui
464 2048 596 2103 rursum,
626 2029 709 2088 erudi
733 2030 801 2106 quie
823 2030 953 2089 vulneris
976 2035 1077 2088 auctor

249 2131 277 2172 30
340 2119 506 2194 Promptior
528 2119 672 2177 auxilium
696 2119 827 2177 vulneris
850 2119 914 2195 ipse
937 2119 1011 2177 tulit.

296 2206 417 2266 Plenius
440 2208 513 2266 haec
535 2208 656 2280 dudum,
680 2207 736 2266 nisi
758 2208 851 2280 fallar,
874 2207 976 2266 charta
998 2207 1109 2282 legenti

340 2295 479 2370 Tradidit,
502 2302 535 2354 ut
557 2297 674 2373 penitus
697 2297 804 2356 certior
827 2313 901 2354 esse·
915 2313 1014 2373 queas.

295 2385 367 2443 Post
403 2384 480 2444 vires
518 2385 626 2444 iterum
663 2387 722 2444 fato
760 2385 881 2444 meliore
924 2390 1099 2460 resumptas,

340 2472 424 2546 Quod
447 2475 553 2547 nescis,
577 2475 701 2551 patriam
723 2474 856 2550 linquere
879 2491 949 2532 cura
972 2474 1034 2532 fuit.

249 2577 277 2617 35
295 2563 424 2621 Barbare
447 2563 525 2639 quod
548 2568 627 2622 terra
649 2570 695 2622 est
717 2563 811 2622 doctis
833 2563 932 2638 ignoto
956 2562 1099 2633 Camenis,

339 2651 419 2710 Pone
443 2652 640 2728 supercilium,
663 2653 748 2711 fortis
772 2652 898 2725 alumna,
922 2669 1021 2726 grave.

296 2739 404 2799 Crebra
426 2759 480 2816 per
501 2740 680 2815 Hercyniam
702 2741 826 2799 tulimus
849 2741 973 2816 vestigia
996 2740 1109 2814 silvam,

340 2829 410 2888 Mox
432 2830 470 2888 ad
493 2830 649 2904 Brisgoum
672 2830 807 2888 venimus
829 2829 897 2888 inde
921 2829 1024 2888 solum.

295 2918 352 2976 Hic
374 2924 463 2995 caput
485 2919 580 2978 erexit
601 2935 669 2977 cum
693 2919 786 2977 multa
808 2918 895 2978 laude
918 2919 1102 2993 friburgum,

251 3021 278 3061 lo
340 3007 380 3066 nt
402 3008 490 3082 longe
512 3014 559 3066 est
579 3026 649 3066 vero
671 3009 749 3066 fama
772 3009 898 3084 superba
920 3007 1022 3066 minor.

251 3109 309 3162 [aab]
333 3096 419 3154 Hanc
441 3096 495 3154 tibi
517 3097 733 3156 iam-currente
755 3103 818 3155 rota
840 3097 1105 3172 depingere‘uersu

339 3185 379 3244 nt
401 3185 473 3244 libet
495 3191 525 3244 et
547 3203 688 3261 praesens
711 3184 860 3262 Calliopea
881 3185 968 3244 iubet.

296 3273 371 3332 Cum
406 3274 494 3332 liceat
531 3275 643 3350 passim
680 3280 797 3334 cantare
833 3274 997 3352 quibusque
1034 3273 1128 3349 poetis

339 3363 433 3440 Inque
456 3381 543 3422 manu
566 3363 707 3422 citharam
729 3369 843 3422 vertere
865 3381 1011 3440 quemque
1034 3380 1125 3435 suam,

248 3465 276 3506 45
296 3452 355 3512 Cur
395 3471 450 3528 ego
488 3453 535 3511 vel
584 3453 669 3527 genio
714 3452 808 3512 Musis
858 3452 993 3511 addictus
1033 3452 1134 3529 iniquo

339 3541 449 3618 Sponte
471 3559 537 3600 mea
560 3549 660 3600 vatum
684 3559 821 3616 spernere
844 3559 927 3600 saera
948 3541 1057 3600 velim?
