2770 4274
488 365 627 421 1111111,
650 365 826 406 romenses.

397 537 399 541 ’
463 540 643 602 Officinae
666 543 849 602 ferrariae.

223 665 256 726 si
278 685 352 743 gens
375 667 533 744 praecipuo
556 667 673 727 laudata
696 673 742 726 est
763 667 872 727 Norica
895 669 972 727 ferro

223 756 347 833 Semper
369 762 399 815 et
421 757 476 815 hoc
498 759 631 815 veterum
653 761 800 815 testantur
823 757 934 832 scripta
955 756 1094 831 virorum,

223 844 300 918 Quid
323 845 438 919 mirum,
462 845 488 904 si
511 845 561 922 qui
584 846 710 922 populus
734 844 773 904 sit
795 845 907 921 origine
929 845 1006 904 avita

222 932 356 1008 Noricus,
379 939 413 993 ut
435 934 513 992 fama
536 940 589 1005 est,
613 934 724 1010 patriae
746 952 858 992 memor
879 934 1035 1014 antiquar·¹

149 1035 204 1076 1155
222 1022 345 1081 Femrm
366 1028 445 1082 amet
467 1028 498 1082 et
519 1023 589 1080 ferri
612 1022 730 1081 laudem
754 1022 808 1081 sibi
831 1023 961 1082 vindicet
983 1023 1035 1081 uni

223 1111 379 1171 Tractandi
400 1129 454 1187 per
476 1111 557 1170 mille
579 1112 681 1170 modos
704 1129 739 1170 10
761 1111 842 1170 mille
865 1130 918 1188 per
940 1115 1037 1171 artes?

223 1201 258 1259 In
281 1200 391 1259 ferrum
415 1217 488 1276 gens
510 1205 587 1274 nata,
610 1200 676 1276 piae
700 1218 754 1258 seu
777 1201 929 1259 commoda
952 1202 1042 1277 paeiS,

223 1288 282 1348 Seu
304 1294 387 1365 gerat
409 1289 504 1348 insani
527 1289 636 1348 furiosa
659 1289 777 1364 negotia
799 1289 910 1348 Martie.

221 1377 297 1437 Nam
320 1378 407 1436 modo
431 1378 498 1454 quis
521 1379 650 1454 populus
665 1377 806 1436 Vulcania
830 1377 944 1436 doctius
967 1397 1047 1436 arma

150 1479 204 1519 1160
222 1469 282 1525 Aut
305 1467 412 1526 melius
435 1467 577 1525 11011111
601 1467 722 1525 meliora
744 1472 796 1524 aut
818 1467 902 1542 plura
925 1485 978 1543 per
1000 1485 1102 1526 omnes

222 1554 285 1628 Qua
308 1561 389 1632 patet
410 1556 545 1632 Europae
568 1555 709 1614 latissima
732 1556 814 1631 regia
836 1558 949 1615 terras?

222 1644 300 1720 Ergo
323 1663 413 1720 super
435 1645 566 1719 fluvium,
590 1663 705 1722 quaque
727 1645 803 1704 infra
826 1645 937 1704 deserit
959 1646 1071 1719 urbem,

223 1732 343 1810 Quaque
367 1751 456 1811 supra
479 1733 553 1810 petit
574 1734 715 1807 inlabere,
739 1753 792 1810 pro
819 1751 933 1792 summa
956 1734 1101 1793 domando

151 1833 231 1887 [gnua]
254 1822 427 1899 Complures
450 1841 575 1898 posuere
597 1823 699 1882 domos
722 1822 863 1881 miracula
885 1823 970 1882 ferre.

152 1923 204 1964 1165
222 1911 355 1988 Namque
378 1911 446 1987 quis
468 1911 622 1987 aspiciens,
646 1917 755 1988 quanta
778 1929 809 1970 se
832 1911 908 1970 mole
932 1917 1060 1970 rotarum

222 1999 329 2060 Volvat
351 2018 434 2076 opus,
458 2006 566 2077 quauta
588 2001 698 2059 ferrum
721 2000 751 2058 vi
774 2001 924 2073 distrahat,
947 2005 981 2058 11
1005 2001 1043 2058 sit

221 2089 389 2148 Perfectum
413 2089 537 2164 ingenie,
559 2089 618 2147 iam
641 2089 736 2165 possit
759 2094 791 2148 ut
813 2107 890 2147 unus
913 2094 942 2147 et
964 2089 1046 2161 alter,

222 2176 305 2251 Quod
329 2197 385 2236 non
409 2178 489 2236 mille
512 2178 567 2235 viri
595 2183 729 2254 poterant
756 2178 886 2237 nondum
913 2182 976 2236 arte
1001 2183 1135 2255 reperta:

222 2267 283 2325 Ista
307 2267 409 2326 videns
433 2267 499 2343 quis
521 2285 580 2325 non
603 2266 727 2326 miretur
749 2273 779 2326 et
801 2267 898 2325 omnia
921 2271 999 2325 retro

152 2367 203 2409 110
222 2355 344 2414 Saecula
366 2355 495 2415 desidiae
519 2354 646 2428 damnet,
670 2355 721 2432 qui
743 2355 813 2414 talia
835 2374 984 2431 nunquam

223 2444 381 2520 Cognorint
404 2451 569 2503 nostrorum
592 2445 743 2503 hominum
766 2444 916 2522 praeclara
938 2446 1074 2521 reperta?

221 2533 328 2608 Magna
349 2539 413 2592 rota
434 2533 584 2609 ingentem
607 2533 636 2590 vi
658 2533 789 2592 fluminis
812 2539 875 2591 acta
898 2533 1064 2608 cylindrum

221 2622 290 2680 Fert
313 2640 414 2681 secum
437 2622 585 2699 volvitque
608 2628 715 2695 101111,
739 2639 807 2698 pars
830 2622 933 2680 ultima
956 2622 1042 2680 cuius

221 2711 367 2770 Dentibus
389 2717 501 2770 armata
523 2717 568 2770 est
591 2712 710 2784 crebris,
734 2711 785 2787 qui
808 2711 920 2769 fortiter
942 2709 1000 2769 acti

151 2812 202 2854 1175
222 2798 379 2859 Obstantes
403 2800 459 2859 sibi
483 2800 665 2858 machinulas
688 2800 863 2876 rapiuntque
885 2800 1052 2876 feruntque,

220 2887 261 2946 Ni
282 2889 398 2966 rapiant
420 2895 616 2947 remoraturos
639 2889 778 2965 ipsosque
801 2894 953 2965 rotamque

222 2977 383 3055 Vndasque
406 2977 620 3054 gravidumque
643 2977 755 3053 ingenti
778 2976 855 3036 mole
878 2977 1054 3052 cylindrum.

221 3067 299 3142 Ergo
322 3067 372 3127 ubi
395 3067 425 3124 m'
447 3072 527 3125 tanta
549 3071 684 3143 correpta
705 3071 760 3140 est,
783 3066 916 3125 machina
938 3065 1072 3142 pendens

221 3155 348 3214 Inferius
371 3155 478 3214 molem
502 3173 590 3232 supra
613 3161 711 3214 movet
733 3155 814 3214 ocius
838 3173 955 3214 omnem

150 3257 203 3298 uso
220 3244 419 3303 Instrumenta
441 3262 556 3320 regens,
580 3245 687 3322 quibus
709 3244 766 3303 atri
788 3245 896 3303 lamina
918 3243 987 3303 terri

221 3331 370 3392 Scinditur
392 3339 423 3392 et
444 3333 541 3392 varios
563 3351 662 3393 rerum
685 3337 821 3392 tenuatur
843 3333 875 3392 in
897 3350 970 3392 usus

220 3421 308 3480 Nunc
330 3423 383 3481 has
406 3439 485 3480 nunc
507 3422 580 3482 alias
603 3423 757 3499 aptissima
780 3439 897 3481 sumere
919 3423 1036 3495 formas,

220 3511 259 3568 Vi
283 3528 388 3587 nempe
410 3511 551 3570 indomita
573 3511 657 3570 iussu
680 3529 781 3588 parere
804 3516 912 3570 coacta.

220 3599 327 3658 Ferrea
349 3618 416 3658 nam
440 3599 539 3659 videas
562 3600 658 3676 capita
679 3599 856 3660 adsimulata
877 3600 1019 3660 dracones
