2770 4274
454 367 646 422 nuosnrmvs,
669 367 854 410 1111111111.
1094 351 1134 409 65

265 547 306 608 Vt
327 547 463 620 referam,
486 551 610 622 praesta,
635 544 790 623 Calliopea,
813 545 896 604 mihi.

220 636 295 696 Cum
318 636 416 694 uisum
440 635 512 694 satis
534 640 580 694 est
602 635 694 694 altum
718 634 849 694 erexisse
871 634 1055 709 l'riburgum

265 724 346 784 Inter
368 724 470 784 felices
493 724 564 782 urbs
586 723 783 796 memoranda,
805 728 903 800 caput,

220 814 346 873 Pestifer
368 813 526 872 indomitos
548 817 670 872 externa
691 812 722 872 in
745 813 833 872 corda
855 813 970 872 furores

167 915 207 957 reo
265 902 435 962 Transiudit
457 902 532 960 livor
554 902 765 978 vipereumque
787 900 907 960 malum.

222 991 373 1051 Cimmerii
396 990 532 1050 stimulos
554 1008 657 1050 omnes
680 991 737 1050 dea
758 995 851 1050 taetra
873 1007 1007 1050 recessus

265 1080 390 1140 Addidit
411 1087 441 1139 et
463 1080 543 1139 vires
566 1080 624 1140 huc
647 1080 715 1138 tulit
736 1079 805 1140 inde
828 1095 906 1140 suas.

222 1169 342 1230 Scilicet
373 1168 498 1245 impellit
529 1169 678 1228 malesana
710 1167 816 1245 cupido
848 1169 959 1228 feroces

266 1258 308 1318 Vt
330 1264 472 1334 quaerant
493 1257 606 1317 animos
629 1257 700 1316 ditia
722 1275 813 1333 regna
835 1257 901 1318 sibi.

172 1360 211 1401 195
227 1358 286 1413 [aaa]
305 1347 444 1406 Protinus
466 1346 498 1404 in
520 1346 632 1406 socium
655 1347 771 1423 quaerit
794 1345 918 1406 Catilina
941 1346 1113 1423 Cethegum,

267 1434 398 1513 Quisque
421 1433 478 1494 sibi
500 1435 588 1494 tacito
610 1441 728 1511 pectore
750 1435 829 1494 dicta
851 1436 968 1511 premit.

222 1525 297 1584 Cum
343 1525 387 1584 sic
431 1524 571 1584 conlectis
620 1524 750 1601 loquitur
798 1524 895 1583 fatalis
940 1523 1049 1599 Erinys

267 1613 465 1692 Complicibus
488 1613 624 1690 quatiens
646 1631 742 1689 angue
764 1618 908 1673 tremente
931 1620 1032 1691 caput:

223 1702 275 1762 ‘En
320 1721 375 1778 age
420 1702 521 1762 civiles
570 1702 686 1762 iamiam
733 1701 903 1762 contundite
947 1703 1043 1762 fastus

164 1804 208 1847 aoo
266 1791 305 1852 m
327 1791 422 1864 facite,
445 1797 479 1850 ut
502 1790 584 1851 vobis
606 1791 671 1851 iura
693 1809 796 1850 savem
819 1791 937 1852 cadant!

221 1880 350 1940 Adlioiat
385 1881 481 1942 fessos
517 1879 630 1940 animos
662 1879 806 1956 capienda
838 1880 987 1957 voluptas:

267 1969 361 2030 Dulce
382 1970 439 2030 erit
460 1969 492 2028 111
513 1970 603 2030 tantia
626 1969 776 2028 luxuriare
798 1969 889 2028 bonis.

223 2057 343 2118 Scilicet
364 2059 438 2118 haec
460 2063 552 2118 restat
574 2064 738 2118 vestrorum
761 2063 839 2116 meta
863 2058 1001 2131 laborum,

266 2147 330 2208 Hoc
352 2147 448 2207 virtus
469 2165 564 2224 aequa
585 2149 660 2219 forte
682 2147 793 2206 iuvabit
815 2147 878 2206 iter.

165 2250 208 2292 205
221 2237 349 2296 Audebit
384 2253 470 2295 nemo
502 2241 616 2296 vestras
647 2236 831 2311 confringere
868 2241 988 2309 turmas,

266 2325 431 2384 Praestabit
453 2325 548 2385 victas
570 2325 695 2402 quisque
719 2331 824 2402 suapte
846 2343 961 2384 manus.

222 2414 280 2474 Sed
303 2414 420 2473 differre
443 2421 536 2487 nocet
559 2431 615 2474 nec
638 2413 695 2474 erit
717 2432 799 2473 mora
820 2414 913 2474 libera
934 2414 1031 2474 vobis:

266 2502 337 2562 Mox
359 2503 446 2579 agite,
468 2502 499 2562 in
522 2510 620 2564 sontes
643 2521 724 2562 arma
747 2509 848 2580 parate
872 2501 974 2564 virosl’

221 2592 277 2651 His
300 2593 363 2652 fera
386 2592 556 2669 Tisyphone
579 2592 667 2652 dietis
691 2597 767 2652 rotat
788 2610 884 2668 angue
907 2591 1011 2651 solutis

164 2693 208 2736 210
266 2680 403 2741 Crinibus
426 2681 601 2742 horriferum
623 2687 728 2758 terque
750 2687 913 2759 quaterque
935 2687 1025 2757 caput

221 2770 405 2848 Immisitque
440 2776 537 2830 atrum
570 2771 654 2846 nigro
684 2789 752 2830 cum
784 2771 853 2832 felle
885 2787 1032 2830 venenum

266 2859 338 2919 Post
360 2858 432 2920 abiit
454 2859 533 2919 diras
557 2860 611 2918 sub
634 2859 860 2935 Phlegethontis
882 2869 981 2936 aquas.

221 2947 287 3006 Non
319 2947 404 3009 aliter
435 2948 539 3008 tacitae
570 2949 732 3024 flagranmt
763 2956 882 3026 pectora
913 2949 1016 3008 turbae

267 3036 396 3096 Conatus
418 3037 495 3096 inuia
517 3037 560 3097 sic
584 3038 752 3096 stimulante
774 3037 876 3111 malos,

164 3137 208 3180 215
221 3126 265 3184 Ac
288 3126 314 3184 si
336 3126 403 3203 quis
426 3126 541 3185 levibns
563 3125 730 3186 Vulcanum
753 3127 860 3186 subdat
880 3126 979 3186 aristis

265 3213 361 3292 Inque
383 3216 458 3274 ierat
480 3215 584 3274 rutilas
607 3216 688 3274 arida
710 3221 786 3275 tecta
808 3217 898 3276 iaces.

165 3315 229 3370 [aab]
240 3303 369 3380 Tempus
392 3310 464 3378 erat,
487 3322 545 3381 quo
567 3304 752 3380 Phillyriden
775 3303 908 3365 intonsus
931 3304 1037 3382 Apollo

266 3391 361 3452 Intrat
382 3398 412 3452 et
433 3392 465 3451 in
487 3393 605 3454 brevius
627 3401 759 3470 tempora
782 3394 859 3454 lucis
881 3393 952 3470 agit,

222 3480 343 3541 Institor
364 3482 498 3558 implevit
520 3483 608 3543 variis
631 3501 699 3544 oum
722 3484 870 3544 mercibus
892 3484 1003 3557 urbem,

165 3581 208 3624 220
266 3569 476 3647 Empturisque
498 3577 579 3647 patet
601 3577 685 3650 porta
707 3572 873 3650 quibusque
897 3573 982 3632 viris:

221 3689 270 3732 Lat.
285 3688 494 3732 Litteratnrdenkm.
506 3690 539 3732 12.
958 3695 974 3746 5
