2770 4274
200 338 240 396 30
509 355 649 410 ronanus,
672 355 848 396 uouisnncs.

251 531 449 591 Descendisse
472 531 525 591 tibi
549 531 587 591 sit
610 531 729 608 perbis
753 537 837 591 terna
859 549 979 590 necesse

252 620 368 680 Limina
389 621 555 680 iunctorum
578 621 731 696 graduum.
768 621 830 679 Neo
853 620 974 697 prodiga
997 626 1111 679 tantum

251 710 376 769 Praebet
398 710 568 768 adhaerenti
592 711 766 768 latomorum
788 709 893 785 pocula
915 710 1026 776 turbae,

250 797 363 857 Verum
387 799 474 857 etiam
497 801 625 858 urbanae
649 817 735 876 saepe
758 799 951 857 oblectamina
974 798 1059 874 plebi,

197 901 237 941 616
251 886 400 957 Matronis,
424 887 552 960 senibus,
576 887 677 964 pueris
699 888 881 964 nuribusque
904 887 1010 963 puellis

250 975 393 1052 Exhibet3
417 976 475 1035 huc
497 976 612 1050 etenim,
636 976 706 1034 dum
729 976 959 1035 formosissimus
982 993 1077 1035 annus

250 1065 406 1138 Permittit,
429 1065 551 1124 veniunt
573 1071 602 1124 et
624 1066 692 1124 vina
713 1065 854 1141 liquentia
877 1083 987 1134 secum,

250 1153 328 1213 Vina
350 1153 488 1230 cibosque
511 1155 609 1212 ferunt
631 1160 662 1213 et
684 1153 759 1229 grati
782 1154 871 1212 fontis
894 1154 931 1212 ad
954 1153 1074 1220 undam,

250 1241 385 1302 Silvestri
409 1243 557 1301 celebrant
580 1243 712 1301 convivia
734 1243 810 1301 laeta
834 1244 888 1301 sub
912 1243 1022 1300 umbra.

197 1344 237 1385 oro
250 1332 319 1408 Ipse
343 1349 398 1406 ego
422 1333 500 1408 (nam
523 1331 653 1407 memini)
676 1332 769 1390 lustro
792 1332 849 1390 iarn
873 1331 928 1390 rite
951 1337 1070 1408 peracto

250 1420 297 1478 Ad
320 1421 431 1479 fontem
456 1420 586 1479 salientis
609 1439 701 1497 aquae
724 1438 792 1478 cum
816 1438 904 1497 saepe
927 1420 1067 1492 venirem,

250 1508 324 1567 Tam
347 1527 414 1567 sum
437 1509 625 1567 conveniente
646 1509 703 1567 loci
726 1509 880 1568 dulcedine
903 1514 1007 1585 ceptus

250 1597 345 1668 illius,
369 1603 403 1656 ut
426 1615 564 1674 cuperem
587 1598 712 1658 tentoria
736 1598 827 1673 figere
850 1604 880 1657 et
902 1598 962 1656 11116

250 1686 377 1761 Exigere
401 1687 457 1745 hoc
479 1686 625 1762 reliquum
648 1685 743 1745 Musis
766 1687 969 1763 praesentibus
992 1685 1064 1745 aevi.

196 1788 237 1829 oro
250 1774 288 1833 Et
311 1775 393 1834 locus
417 1781 463 1834 est
485 1775 580 1834 Musis
603 1781 682 1834 certe
706 1775 748 1834 sic
771 1776 940 1854 commodus
962 1775 1045 1852 ipsis,

250 1863 291 1921 Vt
314 1863 339 1922 si
362 1865 436 1923 forte
459 1864 551 1923 velint
573 1869 688 1922 nostrae
711 1864 841 1923 habitare
863 1883 918 1941 per
940 1881 1014 1936 oras,

249 1951 316 2011 Non
338 1953 429 2012 alium
453 1952 561 2028 legisse
583 1953 681 2012 locum
703 1971 758 2012 nec
781 1972 923 2031 quaerere
947 1953 1064 2025 vellent,

249 2041 316 2100 Non
339 2041 412 2100 alios
435 2043 538 2101 fontes
584 2041 742 2101 Sedenim
766 2043 833 2119 quia
855 2043 935 2101 fonte
959 2043 1012 2101 sub
1035 2041 1092 2100 isto

250 2130 345 2206 Saepe
369 2129 471 2189 Venus
494 2130 587 2204 latuit,
610 2131 686 2190 levis
709 2136 740 2190 et
762 2148 816 2190 sua
838 2131 897 2190 tela
920 2131 1032 2206 Cupido

196 2231 235 2273 eoo
250 2219 348 2278 Torsit
375 2220 412 2279 ab
438 2219 485 2278 his
508 2220 626 2279 latebris
653 2238 706 2296 per
732 2219 837 2279 inertia
863 2225 981 2296 pectora
1007 2222 1165 2292 amantum,

248 2309 401 2383 Diffugere
425 2309 496 2367 deae
519 2326 576 2367 non
599 2315 659 2368 tam
682 2309 746 2367 loon
768 2309 892 2386 pulchra
914 2326 1036 2385 perosae

249 2396 342 2470 Quam
366 2416 424 2456 non
447 2416 513 2457 esse
535 2397 598 2457 loco
622 2415 675 2456 sua
698 2398 858 2470 commoda,
884 2397 981 2474 qualia
1004 2397 1120 2466 vellent,

250 2485 353 2559 Qualia
378 2487 426 2546 vel
450 2487 573 2546 deceant
595 2486 747 2546 Heliconia
769 2487 880 2563 templa
902 2487 1038 2545 colentes

279 2728 330 2782 leia]
356 2717 676 2777 Armamentarium
699 2716 798 2776 urbis
821 2716 1013 2794 publicum,

295 2843 342 2901 Ad
365 2842 450 2901 lusus
473 2847 566 2917 natae,
589 2861 647 2901 non
670 2842 854 2901 addicenda
877 2842 1021 2901 Camenae

195 2943 235 2985 636
250 2931 341 2989 Arma
369 2930 449 3005 mihi,
479 2950 558 2991 nuno
584 2950 666 2990 arma
688 2931 761 2990 mihi
783 2949 946 2990 memorare
969 2947 1089 2989 necesse
1111 2933 1166 3003 est,

249 3020 309 3080 Sed
332 3026 448 3079 tautum
470 3038 631 3080 memorare
654 3038 710 3079 nec
733 3020 764 3078 in
786 3021 848 3079 fera
870 3019 981 3096 proelia
1003 3019 1091 3078 ducta

249 3108 312 3168 Neo
335 3108 411 3168 bello
435 3109 598 3184 commissa,
622 3109 675 3168 sed
698 3108 729 3167 in
751 3110 813 3167 fera
835 3109 911 3168 bella
934 3113 1042 3184 parata,

249 3196 353 3270 Qualia
377 3197 461 3256 nulla
483 3198 562 3275 prior
584 3198 658 3256 vidit
680 3216 735 3257 nec
757 3197 879 3274 protulit
901 3202 987 3256 aetas.

250 3287 332 3346 Talia
353 3286 385 3346 in
407 3293 546 3346 eventum
569 3305 716 3364 usumque
740 3286 901 3364 spectantia
924 3286 993 3346 belli

195 3374 387 3434 arcontium
410 3394 469 3434 una
491 3376 605 3449 domus,
633 3375 738 3434 domus
761 3393 827 3449 una,
851 3375 903 3434 sed
926 3375 1024 3451 ampla
1046 3391 1166 3434 recessu

248 3464 406 3541 Multiplici
429 3481 585 3542 rerumque
608 3482 710 3542 capax.
742 3462 815 3538 Quis
838 3464 907 3524 talia
929 3482 1034 3539 regum

248 3554 339 3613 Arma
367 3553 505 3614 habuisse
533 3555 639 3631 queat?
671 3552 811 3628 Quamvis
839 3571 918 3612 nuno
945 3551 1042 3612 omnia
1064 3551 1166 3611 multis
