2760 4200
500 393 640 452 nosnuvs,
663 394 839 436 rosmunda

235 570 289 630 Ille
311 572 393 630 loeus
416 589 566 649 nunquam
589 571 725 647 gravidas
750 572 890 648 produxit
912 571 1017 632 aristas

188 671 217 713 so
235 661 295 718 Aut
317 661 418 737 inopes
441 661 534 720 multa
557 660 661 720 ditavit
682 679 779 720 messe
801 660 919 721 colonos

235 748 298 808 Neo
320 749 450 826 placidas
473 749 581 808 Baochi
604 749 801 826 pulcherrima
823 767 945 808 munera
968 750 1043 808 vites

235 837 360 898 Protulit
381 844 433 897 aut
455 838 515 897 ullo
538 838 636 898 vineta
658 839 784 897 obnoxia
806 838 896 912 cultu,

235 924 273 984 Ni
296 945 399 1004 cogas,
423 927 532 986 etenim
555 932 678 1003 cogunt:
702 933 762 986 tam
785 933 831 986 est
853 945 921 986 acre
943 927 1053 986 colonis

235 1014 399 1091 Ingenium,
422 1021 484 1074 tam
505 1033 590 1074 mens
612 1015 722 1090 docilis,
746 1022 805 1075 tam
829 1015 928 1075 vivida
950 1016 1055 1102 virtus,

189 1116 218 1157 00
235 1103 276 1162 Vt
299 1105 378 1181 quod
400 1110 521 1164 natiuae
543 1109 589 1163 est
611 1105 685 1181 ipsis
707 1105 819 1164 ratione
843 1110 981 1180 negatum

235 1193 307 1252 Arte
322 1198 433 1270 parent.
462 1193 520 1254 Sed
533 1199 564 1252 et
577 1194 648 1252 haee
661 1193 741 1252 alias.
767 1191 855 1252 Nune
868 1198 972 1269 coepta
986 1211 1151 1270 sequemur.

236 1281 393 1342 Praeterea
416 1281 498 1342 loeus
520 1282 572 1342 ille
595 1282 661 1342 aliis
684 1288 729 1341 est
751 1281 867 1341 dotibus
889 1282 968 1341 omni

235 1370 321 1430 Parte
345 1370 416 1430 satis
439 1371 521 1444 felix,
544 1389 602 1448 quo
626 1389 682 1430 neo
705 1371 743 1430 sit
764 1371 913 1430 amoenior
936 1371 1015 1430 ullus

235 1458 261 1517 Ε
283 1459 381 1518 media
403 1459 508 1520 tellum
532 1459 597 1520 sitis
619 1460 699 1534 (nam
721 1459 855 1536 proxima
877 1466 966 1536 ponto

189 1559 217 1600 95
235 1547 435 1625 Exeipimus):
462 1567 514 1608 seu
537 1548 659 1607 flumina
680 1567 776 1622 ames,
800 1555 869 1608 sunt
891 1549 1021 1622 flumina,
1045 1565 1097 1608 seu
1120 1553 1152 1608 te

191 1647 254 1701 [bibl
277 1636 414 1696 Fontibus
437 1638 585 1698 oblectant
607 1637 689 1714 pleni
712 1638 901 1697 vernantibus
924 1637 1008 1711 horti,

235 1724 302 1785 Non
324 1727 373 1785 hio
395 1726 520 1786 defuerit
542 1727 634 1785 nativi
656 1727 750 1802 gratia
773 1727 861 1786 veris.

236 1813 312 1873 Sunt
333 1815 438 1888 fontes,
463 1820 532 1874 sunt
554 1815 662 1892 egelidi
685 1833 777 1893 prope
800 1815 921 1874 flumina
943 1815 1007 1889 rivi,

236 1903 311 1962 Sunt
332 1922 484 1963 nemorum
507 1904 610 1964 duloes
632 1906 762 1978 umbrae,
785 1905 946 1964 laetissima
967 1903 1037 1963 totis

181 2003 222 2046 100
236 1991 349 2050 Pasoua
372 1999 442 2052 sunt
463 1993 564 2077 pratis,
588 1993 684 2069 pecori
708 1999 754 2052 est
776 2011 846 2069 ager
869 1994 941 2052 uber
963 1992 1066 2052 alendo

236 2082 334 2158 Atque
356 2081 475 2156 homini,
497 2100 552 2141 neo
574 2087 634 2141 tam
657 2082 765 2158 populo
788 2087 892 2141 natura
914 2081 1042 2158 maligna
1065 2085 1119 2154 est,

237 2169 278 2229 Vt
301 2170 325 2229 si
348 2189 442 2246 pauoa
464 2177 561 2246 negat,
584 2177 673 2246 neget
695 2170 791 2229 omnia
814 2171 949 2246 protinus
971 2170 1030 2229 uni.

237 2256 320 2331 Quid¹
336 2277 496 2318 memorem
521 2259 609 2318 oelsis
631 2259 743 2336 positas
765 2259 795 2318 in
818 2259 941 2318 collibus
964 2277 1047 2318 arces

236 2345 410 2424 Oppidaque
431 2354 461 2407 et
482 2366 574 2425 pagos
596 2353 699 2425 totque
721 2348 812 2407 arduo
835 2349 963 2408 eulmine
985 2347 1079 2421 villas,

182 2446 222 2489 roo
237 2433 318 2508 Quae
341 2437 436 2512 magis
459 2443 622 2514 opportuno
645 2438 710 2496 looo
732 2437 805 2496 mihi
829 2442 935 2496 ounota
957 2442 1106 2496 canentur.

279 2525 376 2584 Huius
399 2526 431 2584 in
453 2527 522 2586 orbe
544 2526 602 2586 looi
624 2531 765 2599 extremo,
789 2545 848 2604 qua
870 2525 966 2602 vergit
983 2526 1015 2584 in
1028 2525 1151 2600 Eurum,

235 2613 315 2673 Vrbs
337 2614 413 2674 iaoet
435 2615 563 2691 egregiis
587 2633 709 2691 operum
732 2615 910 2675 oiromndata
932 2614 1034 2689 muris,

235 2703 398 2763 Aedificata
421 2704 482 2762 solo
506 2703 607 2778 sterili,
630 2722 733 2763 verum
755 2703 820 2780 ipsa
841 2722 896 2780 per
917 2709 995 2763 artes

235 2791 323 2852 Facta
345 2793 483 2869 opulenta
507 2811 575 2852 suas
598 2799 629 2852 et
650 2793 760 2852 florens
783 2794 871 2852 rebus
894 2793 1039 2870 honestis;

183 2892 222 2934 110
236 2879 324 2955 Quae,
343 2881 411 2959 quia
429 2881 586 2958 eontigerit
604 2881 752 2959 quondam
765 2882 837 2941 haee
850 2881 914 2941 looa
927 2881 1035 2940 Norioa
1047 2883 1153 2960 pubes,

235 2968 342 3029 Non'oa
364 2988 470 3030 nomen
492 2971 580 3030 habet
602 2970 700 3030 iuncto
723 2971 895 3046 oognomine
918 2970 1035 3044 montis,

237 3058 328 3118 Cuius
351 3059 498 3136 inaequali
521 3060 598 3119 olivo
616 3066 651 3134 ,et
673 3059 819 3119 radicibus
840 3059 909 3118 imis

235 3148 368 3222 Adiacet,
391 3148 491 3208 Arctoi
513 3167 571 3226 qua
593 3154 707 3226 spectat
728 3148 766 3208 ad
788 3149 879 3208 ardua
900 3147 1003 3207 mundi

237 3236 340 3297 Sidera
362 3237 502 3297 visendus
525 3238 628 3314 prooul
650 3237 726 3296 areis
748 3237 825 3296 mole
848 3238 1000 3314 superbae.

183 3326 305 3403 melpsa
327 3344 428 3385 navam
450 3326 510 3386 lato
532 3327 639 3386 vallem
661 3326 815 3404 eomplexa
837 3344 956 3386 recessu

236 3415 318 3475 More
340 3415 411 3474 ratis
429 3415 525 3474 medio
548 3415 714 3493 depressior
736 3415 840 3474 ultima
863 3432 987 3490 surgens

236 3504 315 3563 Hine
336 3509 424 3580 atque
447 3504 515 3563 hino
537 3504 614 3564 tollit
636 3523 690 3564 oeu
713 3522 830 3578 oornua,
854 3503 995 3580 prospicit
1017 3505 1127 3562 horum

237 3593 354 3653 Celsius
378 3593 407 3652 in
430 3592 563 3667 Boream,
586 3593 736 3653 madidum
759 3593 919 3653 subieotius
942 3594 1095 3652 Austrum.
